%YAML 1.1
%TAG !u! tag:unity3d.com,2011:
--- !u!29 &1
OcclusionCullingSettings:
  m_ObjectHideFlags: 0
  serializedVersion: 2
  m_OcclusionBakeSettings:
    smallestOccluder: 5
    smallestHole: 0.25
    backfaceThreshold: 100
  m_SceneGUID: 00000000000000000000000000000000
  m_OcclusionCullingData: {fileID: 0}
--- !u!104 &2
RenderSettings:
  m_ObjectHideFlags: 0
  serializedVersion: 9
  m_Fog: 0
  m_FogColor: {r: 0.5, g: 0.5, b: 0.5, a: 1}
  m_FogMode: 3
  m_FogDensity: 0.01
  m_LinearFogStart: 0
  m_LinearFogEnd: 300
  m_AmbientSkyColor: {r: 0.212, g: 0.227, b: 0.259, a: 1}
  m_AmbientEquatorColor: {r: 0.114, g: 0.125, b: 0.133, a: 1}
  m_AmbientGroundColor: {r: 0.047, g: 0.043, b: 0.035, a: 1}
  m_AmbientIntensity: 1
  m_AmbientMode: 0
  m_SubtractiveShadowColor: {r: 0.42, g: 0.478, b: 0.627, a: 1}
  m_SkyboxMaterial: {fileID: 10304, guid: 0000000000000000f000000000000000, type: 0}
  m_HaloStrength: 0.5
  m_FlareStrength: 1
  m_FlareFadeSpeed: 3
  m_HaloTexture: {fileID: 0}
  m_SpotCookie: {fileID: 10001, guid: 0000000000000000e000000000000000, type: 0}
  m_DefaultReflectionMode: 0
  m_DefaultReflectionResolution: 128
  m_ReflectionBounces: 1
  m_ReflectionIntensity: 1
  m_CustomReflection: {fileID: 0}
  m_Sun: {fileID: 0}
  m_IndirectSpecularColor: {r: 0, g: 0, b: 0, a: 1}
  m_UseRadianceAmbientProbe: 0
--- !u!157 &3
LightmapSettings:
  m_ObjectHideFlags: 0
  serializedVersion: 11
  m_GIWorkflowMode: 1
  m_GISettings:
    serializedVersion: 2
    m_BounceScale: 1
    m_IndirectOutputScale: 1
    m_AlbedoBoost: 1
    m_EnvironmentLightingMode: 0
    m_EnableBakedLightmaps: 1
    m_EnableRealtimeLightmaps: 1
  m_LightmapEditorSettings:
    serializedVersion: 12
    m_Resolution: 2
    m_BakeResolution: 40
    m_AtlasSize: 1024
    m_AO: 0
    m_AOMaxDistance: 1
    m_CompAOExponent: 1
    m_CompAOExponentDirect: 0
    m_ExtractAmbientOcclusion: 0
    m_Padding: 2
    m_LightmapParameters: {fileID: 0}
    m_LightmapsBakeMode: 1
    m_TextureCompression: 1
    m_FinalGather: 0
    m_FinalGatherFiltering: 1
    m_FinalGatherRayCount: 256
    m_ReflectionCompression: 2
    m_MixedBakeMode: 2
    m_BakeBackend: 1
    m_PVRSampling: 1
    m_PVRDirectSampleCount: 32
    m_PVRSampleCount: 512
    m_PVRBounces: 2
    m_PVREnvironmentSampleCount: 256
    m_PVREnvironmentReferencePointCount: 2048
    m_PVRFilteringMode: 1
    m_PVRDenoiserTypeDirect: 1
    m_PVRDenoiserTypeIndirect: 1
    m_PVRDenoiserTypeAO: 1
    m_PVRFilterTypeDirect: 0
    m_PVRFilterTypeIndirect: 0
    m_PVRFilterTypeAO: 0
    m_PVREnvironmentMIS: 1
    m_PVRCulling: 1
    m_PVRFilteringGaussRadiusDirect: 1
    m_PVRFilteringGaussRadiusIndirect: 5
    m_PVRFilteringGaussRadiusAO: 2
    m_PVRFilteringAtrousPositionSigmaDirect: 0.5
    m_PVRFilteringAtrousPositionSigmaIndirect: 2
    m_PVRFilteringAtrousPositionSigmaAO: 1
    m_ExportTrainingData: 0
    m_TrainingDataDestination: TrainingData
  m_LightingDataAsset: {fileID: 0}
  m_UseShadowmask: 1
--- !u!196 &4
NavMeshSettings:
  serializedVersion: 2
  m_ObjectHideFlags: 0
  m_BuildSettings:
    serializedVersion: 2
    agentTypeID: 0
    agentRadius: 0.5
    agentHeight: 2
    agentSlope: 45
    agentClimb: 0.4
    ledgeDropHeight: 0
    maxJumpAcrossDistance: 0
    minRegionArea: 2
    manualCellSize: 0
    cellSize: 0.16666667
    manualTileSize: 0
    tileSize: 256
    accuratePlacement: 0
    debug:
      m_Flags: 0
  m_NavMeshData: {fileID: 0}
--- !u!1 &384443294
GameObject:
  m_ObjectHideFlags: 0
  m_CorrespondingSourceObject: {fileID: 0}
  m_PrefabInstance: {fileID: 0}
  m_PrefabAsset: {fileID: 0}
  serializedVersion: 6
  m_Component:
  - component: {fileID: 384443295}
  - component: {fileID: 384443297}
  - component: {fileID: 384443296}
  m_Layer: 5
  m_Name: StarsBG_Img
  m_TagString: Untagged
  m_Icon: {fileID: 0}
  m_NavMeshLayer: 0
  m_StaticEditorFlags: 0
  m_IsActive: 1
--- !u!224 &384443295
RectTransform:
  m_ObjectHideFlags: 0
  m_CorrespondingSourceObject: {fileID: 0}
  m_PrefabInstance: {fileID: 0}
  m_PrefabAsset: {fileID: 0}
  m_GameObject: {fileID: 384443294}
  m_LocalRotation: {x: 0, y: 0, z: 0, w: 1}
  m_LocalPosition: {x: 0, y: 0, z: 0}
  m_LocalScale: {x: 1, y: 1, z: 1}
  m_Children: []
  m_Father: {fileID: 414234740}
  m_RootOrder: 0
  m_LocalEulerAnglesHint: {x: 0, y: 0, z: 0}
  m_AnchorMin: {x: 0, y: 0}
  m_AnchorMax: {x: 1, y: 1}
  m_AnchoredPosition: {x: 0, y: 0}
  m_SizeDelta: {x: 0, y: 0}
  m_Pivot: {x: 0.5, y: 0.5}
--- !u!114 &384443296
MonoBehaviour:
  m_ObjectHideFlags: 0
  m_CorrespondingSourceObject: {fileID: 0}
  m_PrefabInstance: {fileID: 0}
  m_PrefabAsset: {fileID: 0}
  m_GameObject: {fileID: 384443294}
  m_Enabled: 1
  m_EditorHideFlags: 0
  m_Script: {fileID: 11500000, guid: fe87c0e1cc204ed48ad3b37840f39efc, type: 3}
  m_Name: 
  m_EditorClassIdentifier: 
  m_Material: {fileID: 0}
  m_Color: {r: 1, g: 1, b: 1, a: 1}
  m_RaycastTarget: 1
  m_OnCullStateChanged:
    m_PersistentCalls:
      m_Calls: []
    m_TypeName: UnityEngine.UI.MaskableGraphic+CullStateChangedEvent, UnityEngine.UI,
      Version=1.0.0.0, Culture=neutral, PublicKeyToken=null
  m_Sprite: {fileID: 21300000, guid: 6044d764480991f45b1bd5ecf8cb707a, type: 3}
  m_Type: 0
  m_PreserveAspect: 0
  m_FillCenter: 1
  m_FillMethod: 4
  m_FillAmount: 1
  m_FillClockwise: 1
  m_FillOrigin: 0
  m_UseSpriteMesh: 0
  m_PixelsPerUnitMultiplier: 1
--- !u!222 &384443297
CanvasRenderer:
  m_ObjectHideFlags: 0
  m_CorrespondingSourceObject: {fileID: 0}
  m_PrefabInstance: {fileID: 0}
  m_PrefabAsset: {fileID: 0}
  m_GameObject: {fileID: 384443294}
  m_CullTransparentMesh: 0
--- !u!1 &414234739
GameObject:
  m_ObjectHideFlags: 0
  m_CorrespondingSourceObject: {fileID: 0}
  m_PrefabInstance: {fileID: 0}
  m_PrefabAsset: {fileID: 0}
  serializedVersion: 6
  m_Component:
  - component: {fileID: 414234740}
  - component: {fileID: 414234742}
  - component: {fileID: 414234741}
  m_Layer: 5
  m_Name: BGPanel
  m_TagString: Untagged
  m_Icon: {fileID: 0}
  m_NavMeshLayer: 0
  m_StaticEditorFlags: 0
  m_IsActive: 1
--- !u!224 &414234740
RectTransform:
  m_ObjectHideFlags: 0
  m_CorrespondingSourceObject: {fileID: 0}
  m_PrefabInstance: {fileID: 0}
  m_PrefabAsset: {fileID: 0}
  m_GameObject: {fileID: 414234739}
  m_LocalRotation: {x: -0, y: -0, z: -0, w: 1}
  m_LocalPosition: {x: 0, y: 0, z: 0}
  m_LocalScale: {x: 1, y: 1, z: 1}
  m_Children:
  - {fileID: 384443295}
  - {fileID: 1916823511}
  - {fileID: 2113005368}
  - {fileID: 1041434192}
  - {fileID: 2141971759}
  - {fileID: 1330237921}
  m_Father: {fileID: 1672382343}
  m_RootOrder: 0
  m_LocalEulerAnglesHint: {x: 0, y: 0, z: 0}
  m_AnchorMin: {x: 0, y: 0}
  m_AnchorMax: {x: 1, y: 1}
  m_AnchoredPosition: {x: 0, y: 0}
  m_SizeDelta: {x: 0, y: 0}
  m_Pivot: {x: 0.5, y: 0.5}
--- !u!114 &414234741
MonoBehaviour:
  m_ObjectHideFlags: 0
  m_CorrespondingSourceObject: {fileID: 0}
  m_PrefabInstance: {fileID: 0}
  m_PrefabAsset: {fileID: 0}
  m_GameObject: {fileID: 414234739}
  m_Enabled: 1
  m_EditorHideFlags: 0
  m_Script: {fileID: 11500000, guid: fe87c0e1cc204ed48ad3b37840f39efc, type: 3}
  m_Name: 
  m_EditorClassIdentifier: 
  m_Material: {fileID: 0}
  m_Color: {r: 1, g: 1, b: 1, a: 1}
  m_RaycastTarget: 1
  m_OnCullStateChanged:
    m_PersistentCalls:
      m_Calls: []
    m_TypeName: UnityEngine.UI.MaskableGraphic+CullStateChangedEvent, UnityEngine.UI,
      Version=1.0.0.0, Culture=neutral, PublicKeyToken=null
  m_Sprite: {fileID: 21300000, guid: 6cf69610384e44d4d9eb72fa6396d2c2, type: 3}
  m_Type: 0
  m_PreserveAspect: 0
  m_FillCenter: 1
  m_FillMethod: 4
  m_FillAmount: 1
  m_FillClockwise: 1
  m_FillOrigin: 0
  m_UseSpriteMesh: 0
  m_PixelsPerUnitMultiplier: 1
--- !u!222 &414234742
CanvasRenderer:
  m_ObjectHideFlags: 0
  m_CorrespondingSourceObject: {fileID: 0}
  m_PrefabInstance: {fileID: 0}
  m_PrefabAsset: {fileID: 0}
  m_GameObject: {fileID: 414234739}
  m_CullTransparentMesh: 0
--- !u!1 &520051448
GameObject:
  m_ObjectHideFlags: 0
  m_CorrespondingSourceObject: {fileID: 0}
  m_PrefabInstance: {fileID: 0}
  m_PrefabAsset: {fileID: 0}
  serializedVersion: 6
  m_Component:
  - component: {fileID: 520051450}
  - component: {fileID: 520051449}
  m_Layer: 0
  m_Name: Directional Light
  m_TagString: Untagged
  m_Icon: {fileID: 0}
  m_NavMeshLayer: 0
  m_StaticEditorFlags: 0
  m_IsActive: 1
--- !u!108 &520051449
Light:
  m_ObjectHideFlags: 0
  m_CorrespondingSourceObject: {fileID: 0}
  m_PrefabInstance: {fileID: 0}
  m_PrefabAsset: {fileID: 0}
  m_GameObject: {fileID: 520051448}
  m_Enabled: 1
  serializedVersion: 9
  m_Type: 1
  m_Color: {r: 1, g: 0.95686275, b: 0.8392157, a: 1}
  m_Intensity: 1
  m_Range: 10
  m_SpotAngle: 30
  m_InnerSpotAngle: 21.80208
  m_CookieSize: 10
  m_Shadows:
    m_Type: 2
    m_Resolution: -1
    m_CustomResolution: -1
    m_Strength: 1
    m_Bias: 0.05
    m_NormalBias: 0.4
    m_NearPlane: 0.2
    m_CullingMatrixOverride:
      e00: 1
      e01: 0
      e02: 0
      e03: 0
      e10: 0
      e11: 1
      e12: 0
      e13: 0
      e20: 0
      e21: 0
      e22: 1
      e23: 0
      e30: 0
      e31: 0
      e32: 0
      e33: 1
    m_UseCullingMatrixOverride: 0
  m_Cookie: {fileID: 0}
  m_DrawHalo: 0
  m_Flare: {fileID: 0}
  m_RenderMode: 0
  m_CullingMask:
    serializedVersion: 2
    m_Bits: 4294967295
  m_RenderingLayerMask: 1
  m_Lightmapping: 4
  m_LightShadowCasterMode: 0
  m_AreaSize: {x: 1, y: 1}
  m_BounceIntensity: 1
  m_ColorTemperature: 6570
  m_UseColorTemperature: 0
  m_BoundingSphereOverride: {x: 0, y: 0, z: 0, w: 0}
  m_UseBoundingSphereOverride: 0
  m_ShadowRadius: 0
  m_ShadowAngle: 0
--- !u!4 &520051450
Transform:
  m_ObjectHideFlags: 0
  m_CorrespondingSourceObject: {fileID: 0}
  m_PrefabInstance: {fileID: 0}
  m_PrefabAsset: {fileID: 0}
  m_GameObject: {fileID: 520051448}
  m_LocalRotation: {x: 0.40821788, y: -0.23456968, z: 0.10938163, w: 0.8754261}
  m_LocalPosition: {x: 0, y: 3, z: 0}
  m_LocalScale: {x: 1, y: 1, z: 1}
  m_Children: []
  m_Father: {fileID: 0}
  m_RootOrder: 1
  m_LocalEulerAnglesHint: {x: 50, y: -30, z: 0}
--- !u!1 &969529953
GameObject:
  m_ObjectHideFlags: 0
  m_CorrespondingSourceObject: {fileID: 0}
  m_PrefabInstance: {fileID: 0}
  m_PrefabAsset: {fileID: 0}
  serializedVersion: 6
  m_Component:
  - component: {fileID: 969529956}
  - component: {fileID: 969529955}
  - component: {fileID: 969529954}
  m_Layer: 0
  m_Name: EventSystem
  m_TagString: Untagged
  m_Icon: {fileID: 0}
  m_NavMeshLayer: 0
  m_StaticEditorFlags: 0
  m_IsActive: 1
--- !u!114 &969529954
MonoBehaviour:
  m_ObjectHideFlags: 0
  m_CorrespondingSourceObject: {fileID: 0}
  m_PrefabInstance: {fileID: 0}
  m_PrefabAsset: {fileID: 0}
  m_GameObject: {fileID: 969529953}
  m_Enabled: 1
  m_EditorHideFlags: 0
  m_Script: {fileID: 11500000, guid: 4f231c4fb786f3946a6b90b886c48677, type: 3}
  m_Name: 
  m_EditorClassIdentifier: 
  m_HorizontalAxis: Horizontal
  m_VerticalAxis: Vertical
  m_SubmitButton: Submit
  m_CancelButton: Cancel
  m_InputActionsPerSecond: 10
  m_RepeatDelay: 0.5
  m_ForceModuleActive: 0
--- !u!114 &969529955
MonoBehaviour:
  m_ObjectHideFlags: 0
  m_CorrespondingSourceObject: {fileID: 0}
  m_PrefabInstance: {fileID: 0}
  m_PrefabAsset: {fileID: 0}
  m_GameObject: {fileID: 969529953}
  m_Enabled: 1
  m_EditorHideFlags: 0
  m_Script: {fileID: 11500000, guid: 76c392e42b5098c458856cdf6ecaaaa1, type: 3}
  m_Name: 
  m_EditorClassIdentifier: 
  m_FirstSelected: {fileID: 0}
  m_sendNavigationEvents: 1
  m_DragThreshold: 10
--- !u!4 &969529956
Transform:
  m_ObjectHideFlags: 0
  m_CorrespondingSourceObject: {fileID: 0}
  m_PrefabInstance: {fileID: 0}
  m_PrefabAsset: {fileID: 0}
  m_GameObject: {fileID: 969529953}
  m_LocalRotation: {x: 0, y: 0, z: 0, w: 1}
  m_LocalPosition: {x: 0, y: 0, z: 0}
  m_LocalScale: {x: 1, y: 1, z: 1}
  m_Children: []
  m_Father: {fileID: 0}
  m_RootOrder: 2
  m_LocalEulerAnglesHint: {x: 0, y: 0, z: 0}
--- !u!1 &1041434191
GameObject:
  m_ObjectHideFlags: 0
  m_CorrespondingSourceObject: {fileID: 0}
  m_PrefabInstance: {fileID: 0}
  m_PrefabAsset: {fileID: 0}
  serializedVersion: 6
  m_Component:
  - component: {fileID: 1041434192}
  - component: {fileID: 1041434194}
  - component: {fileID: 1041434193}
  m_Layer: 5
  m_Name: Subtitle_TMP_0
  m_TagString: Untagged
  m_Icon: {fileID: 0}
  m_NavMeshLayer: 0
  m_StaticEditorFlags: 0
  m_IsActive: 1
--- !u!224 &1041434192
RectTransform:
  m_ObjectHideFlags: 0
  m_CorrespondingSourceObject: {fileID: 0}
  m_PrefabInstance: {fileID: 0}
  m_PrefabAsset: {fileID: 0}
  m_GameObject: {fileID: 1041434191}
  m_LocalRotation: {x: -0, y: -0, z: -0, w: 1}
  m_LocalPosition: {x: 0, y: 0, z: 0}
  m_LocalScale: {x: 1, y: 1, z: 1}
  m_Children:
  - {fileID: 1059717239}
  m_Father: {fileID: 414234740}
  m_RootOrder: 3
  m_LocalEulerAnglesHint: {x: 0, y: 0, z: 0}
  m_AnchorMin: {x: 1, y: 0}
  m_AnchorMax: {x: 1, y: 0}
  m_AnchoredPosition: {x: -32, y: 88}
  m_SizeDelta: {x: 388.1, y: 57.1}
  m_Pivot: {x: 1, y: 0}
--- !u!114 &1041434193
MonoBehaviour:
  m_ObjectHideFlags: 0
  m_CorrespondingSourceObject: {fileID: 0}
  m_PrefabInstance: {fileID: 0}
  m_PrefabAsset: {fileID: 0}
  m_GameObject: {fileID: 1041434191}
  m_Enabled: 1
  m_EditorHideFlags: 0
  m_Script: {fileID: 11500000, guid: f4688fdb7df04437aeb418b961361dc5, type: 3}
  m_Name: 
  m_EditorClassIdentifier: 
  m_Material: {fileID: 0}
  m_Color: {r: 1, g: 1, b: 1, a: 1}
  m_RaycastTarget: 1
  m_OnCullStateChanged:
    m_PersistentCalls:
      m_Calls: []
    m_TypeName: UnityEngine.UI.MaskableGraphic+CullStateChangedEvent, UnityEngine.UI,
      Version=1.0.0.0, Culture=neutral, PublicKeyToken=null
  m_text: 'CS4242 ONLINE Project Fall 2019

'
  m_isRightToLeft: 0
  m_fontAsset: {fileID: 11400000, guid: af568038db2ed874db32d53cb9174053, type: 2}
  m_sharedMaterial: {fileID: -1202376151365676918, guid: af568038db2ed874db32d53cb9174053,
    type: 2}
  m_fontSharedMaterials: []
  m_fontMaterial: {fileID: 0}
  m_fontMaterials: []
  m_fontColor32:
    serializedVersion: 2
    rgba: 4294967295
  m_fontColor: {r: 1, g: 1, b: 1, a: 1}
  m_enableVertexGradient: 0
  m_colorMode: 3
  m_fontColorGradient:
    topLeft: {r: 1, g: 1, b: 1, a: 1}
    topRight: {r: 1, g: 1, b: 1, a: 1}
    bottomLeft: {r: 1, g: 1, b: 1, a: 1}
    bottomRight: {r: 1, g: 1, b: 1, a: 1}
  m_fontColorGradientPreset: {fileID: 0}
  m_spriteAsset: {fileID: 11400000, guid: 604a2dde5059e214487a84dcdba51cad, type: 2}
  m_tintAllSprites: 0
  m_overrideHtmlColors: 0
  m_faceColor:
    serializedVersion: 2
    rgba: 4294967295
  m_outlineColor:
    serializedVersion: 2
    rgba: 4278190080
  m_fontSize: 30
  m_fontSizeBase: 30
  m_fontWeight: 400
  m_enableAutoSizing: 0
  m_fontSizeMin: 18
  m_fontSizeMax: 72
  m_fontStyle: 4
  m_textAlignment: 516
  m_characterSpacing: 0
  m_wordSpacing: 0
  m_lineSpacing: 0
  m_lineSpacingMax: 0
  m_paragraphSpacing: 0
  m_charWidthMaxAdj: 0
  m_enableWordWrapping: 1
  m_wordWrappingRatios: 0.4
  m_overflowMode: 3
  m_firstOverflowCharacterIndex: -1
  m_linkedTextComponent: {fileID: 0}
  m_isLinkedTextComponent: 0
  m_isTextTruncated: 0
  m_enableKerning: 1
  m_enableExtraPadding: 0
  checkPaddingRequired: 0
  m_isRichText: 1
  m_parseCtrlCharacters: 1
  m_isOrthographic: 1
  m_isCullingEnabled: 0
  m_ignoreRectMaskCulling: 0
  m_ignoreCulling: 1
  m_horizontalMapping: 0
  m_verticalMapping: 0
  m_uvLineOffset: 0
  m_geometrySortingOrder: 0
  m_VertexBufferAutoSizeReduction: 1
  m_firstVisibleCharacter: 0
  m_useMaxVisibleDescender: 1
  m_pageToDisplay: 1
  m_margin: {x: 0, y: 0, z: 0, w: 0}
  m_textInfo:
    textComponent: {fileID: 1041434193}
    characterCount: 32
    spriteCount: 0
    spaceCount: 5
    wordCount: 5
    linkCount: 0
    lineCount: 1
    pageCount: 1
    materialCount: 1
  m_isUsingLegacyAnimationComponent: 0
  m_isVolumetricText: 0
  m_spriteAnimator: {fileID: 0}
  m_hasFontAssetChanged: 0
  m_subTextObjects:
  - {fileID: 0}
  - {fileID: 1059717240}
  - {fileID: 0}
  - {fileID: 0}
  - {fileID: 0}
  - {fileID: 0}
  - {fileID: 0}
  - {fileID: 0}
  m_baseMaterial: {fileID: 0}
  m_maskOffset: {x: 0, y: 0, z: 0, w: 0}
--- !u!222 &1041434194
CanvasRenderer:
  m_ObjectHideFlags: 0
  m_CorrespondingSourceObject: {fileID: 0}
  m_PrefabInstance: {fileID: 0}
  m_PrefabAsset: {fileID: 0}
  m_GameObject: {fileID: 1041434191}
  m_CullTransparentMesh: 0
--- !u!1 &1059717238
GameObject:
  m_ObjectHideFlags: 0
  m_CorrespondingSourceObject: {fileID: 0}
  m_PrefabInstance: {fileID: 0}
  m_PrefabAsset: {fileID: 0}
  serializedVersion: 6
  m_Component:
  - component: {fileID: 1059717239}
  - component: {fileID: 1059717241}
  - component: {fileID: 1059717240}
  m_Layer: 5
  m_Name: TMP SubMeshUI [TextMeshPro/Sprite]
  m_TagString: Untagged
  m_Icon: {fileID: 0}
  m_NavMeshLayer: 0
  m_StaticEditorFlags: 0
  m_IsActive: 1
--- !u!224 &1059717239
RectTransform:
  m_ObjectHideFlags: 0
  m_CorrespondingSourceObject: {fileID: 0}
  m_PrefabInstance: {fileID: 0}
  m_PrefabAsset: {fileID: 0}
  m_GameObject: {fileID: 1059717238}
  m_LocalRotation: {x: 0, y: 0, z: 0, w: 1}
  m_LocalPosition: {x: 0, y: 0, z: 0}
  m_LocalScale: {x: 1, y: 1, z: 1}
  m_Children: []
  m_Father: {fileID: 1041434192}
  m_RootOrder: 0
  m_LocalEulerAnglesHint: {x: 0, y: 0, z: 0}
  m_AnchorMin: {x: 0, y: 0}
  m_AnchorMax: {x: 1, y: 1}
  m_AnchoredPosition: {x: 0, y: 0}
  m_SizeDelta: {x: 0, y: 0}
  m_Pivot: {x: 1, y: 0}
--- !u!114 &1059717240
MonoBehaviour:
  m_ObjectHideFlags: 0
  m_CorrespondingSourceObject: {fileID: 0}
  m_PrefabInstance: {fileID: 0}
  m_PrefabAsset: {fileID: 0}
  m_GameObject: {fileID: 1059717238}
  m_Enabled: 1
  m_EditorHideFlags: 0
  m_Script: {fileID: 11500000, guid: 058cba836c1846c3aa1c5fd2e28aea77, type: 3}
  m_Name: 
  m_EditorClassIdentifier: 
  m_Material: {fileID: 2796522155651070300, guid: 604a2dde5059e214487a84dcdba51cad,
    type: 2}
  m_Color: {r: 1, g: 1, b: 1, a: 1}
  m_RaycastTarget: 1
  m_OnCullStateChanged:
    m_PersistentCalls:
      m_Calls: []
    m_TypeName: UnityEngine.UI.MaskableGraphic+CullStateChangedEvent, UnityEngine.UI,
      Version=1.0.0.0, Culture=neutral, PublicKeyToken=null
  m_fontAsset: {fileID: 11400000, guid: af568038db2ed874db32d53cb9174053, type: 2}
  m_spriteAsset: {fileID: 11400000, guid: 604a2dde5059e214487a84dcdba51cad, type: 2}
  m_material: {fileID: 0}
  m_sharedMaterial: {fileID: 2796522155651070300, guid: 604a2dde5059e214487a84dcdba51cad,
    type: 2}
  m_isDefaultMaterial: 1
  m_padding: 0
  m_canvasRenderer: {fileID: 1059717241}
  m_TextComponent: {fileID: 1041434193}
  m_materialReferenceIndex: 1
--- !u!222 &1059717241
CanvasRenderer:
  m_ObjectHideFlags: 0
  m_CorrespondingSourceObject: {fileID: 0}
  m_PrefabInstance: {fileID: 0}
  m_PrefabAsset: {fileID: 0}
  m_GameObject: {fileID: 1059717238}
  m_CullTransparentMesh: 0
--- !u!1 &1330237920
GameObject:
  m_ObjectHideFlags: 0
  m_CorrespondingSourceObject: {fileID: 0}
  m_PrefabInstance: {fileID: 0}
  m_PrefabAsset: {fileID: 0}
  serializedVersion: 6
  m_Component:
  - component: {fileID: 1330237921}
  - component: {fileID: 1330237926}
  - component: {fileID: 1330237925}
  - component: {fileID: 1330237924}
  - component: {fileID: 1330237923}
  - component: {fileID: 1330237922}
  - component: {fileID: 1330237927}
  m_Layer: 0
  m_Name: StartBtn
  m_TagString: Untagged
  m_Icon: {fileID: 0}
  m_NavMeshLayer: 0
  m_StaticEditorFlags: 0
  m_IsActive: 1
--- !u!224 &1330237921
RectTransform:
  m_ObjectHideFlags: 0
  m_CorrespondingSourceObject: {fileID: 0}
  m_PrefabInstance: {fileID: 0}
  m_PrefabAsset: {fileID: 0}
  m_GameObject: {fileID: 1330237920}
  m_LocalRotation: {x: 0, y: 0, z: 0, w: 1}
  m_LocalPosition: {x: 0, y: 0, z: 0}
  m_LocalScale: {x: 1, y: 1, z: 1}
  m_Children: []
  m_Father: {fileID: 414234740}
  m_RootOrder: 5
  m_LocalEulerAnglesHint: {x: 0, y: 0, z: 0}
  m_AnchorMin: {x: 0.5, y: 0.5}
  m_AnchorMax: {x: 0.5, y: 0.5}
  m_AnchoredPosition: {x: 0, y: -303}
  m_SizeDelta: {x: 285.4, y: 94.2}
  m_Pivot: {x: 0.5, y: 0.5}
--- !u!225 &1330237922
CanvasGroup:
  m_ObjectHideFlags: 0
  m_CorrespondingSourceObject: {fileID: 0}
  m_PrefabInstance: {fileID: 0}
  m_PrefabAsset: {fileID: 0}
  m_GameObject: {fileID: 1330237920}
  m_Enabled: 1
  m_Alpha: 1
  m_Interactable: 1
  m_BlocksRaycasts: 1
  m_IgnoreParentGroups: 0
--- !u!114 &1330237923
MonoBehaviour:
  m_ObjectHideFlags: 0
  m_CorrespondingSourceObject: {fileID: 0}
  m_PrefabInstance: {fileID: 0}
  m_PrefabAsset: {fileID: 0}
  m_GameObject: {fileID: 1330237920}
  m_Enabled: 1
  m_EditorHideFlags: 0
  m_Script: {fileID: 11500000, guid: 7d12bfc32d0d797428cf0191288caabd, type: 3}
  m_Name: 
  m_EditorClassIdentifier: 
  DebugMode: 0
  StartPosition: {x: 0, y: 0, z: 0}
  StartRotation: {x: 0, y: 0, z: 0}
  StartScale: {x: 1, y: 1, z: 1}
  StartAlpha: 1
  AllowMultipleClicks: 1
  ButtonCategory: Example
  ButtonName: Next
  ClickMode: 0
  DeselectButtonAfterClick: 0
  DisableButtonBetweenClicksInterval: 0.2
  DoubleClickRegisterInterval: 0.2
  InputData:
    EnableAlternateInputs: 1
    InputMode: 2
    KeyCode: 13
    KeyCodeAlt: 32
    VirtualButtonName: Submit
    VirtualButtonNameAlt: Jump
  LongClickRegisterInterval: 0.5
  OnPointerEnter:
    Animators: []
    ButtonAnimationType: 0
    DeselectButton: 0
    DisableInterval: 0.4
    Enabled: 1
    LoadSelectedPresetAtRuntime: 0
    OnTrigger:
      AnimatorEvents: []
      Effect:
        AutoSort: 1
        Behavior: 0
        CustomSortingOrder: 0
        SortingSteps: 1
        ParticleSystem: {fileID: 0}
        StopBehavior: 1
        CustomSortingLayer: Default
      Event:
        m_PersistentCalls:
          m_Calls: []
        m_TypeName: UnityEngine.Events.UnityEvent, UnityEngine.CoreModule, Version=0.0.0.0,
          Culture=neutral, PublicKeyToken=null
      GameEvents: []
      SoundData:
        SoundSource: 0
        DatabaseName: General
        SoundName: No Sound
        AudioClip: {fileID: 0}
        OutputAudioMixerGroup: {fileID: 0}
    PresetCategory: Stretch
    PresetName: HorizontalVibrate
    PunchAnimation:
      AnimationType: 4
      Move:
        AnimationType: 4
        Enabled: 0
        From: {x: 0, y: 0, z: 0}
        To: {x: 0, y: 0, z: 0}
        By: {x: 5, y: 0, z: 0}
        UseCustomFromAndTo: 0
        Vibrato: 8
        Elasticity: 0.5
        NumberOfLoops: -1
        LoopType: 1
        Direction: 0
        CustomPosition: {x: 0, y: 0, z: 0}
        EaseType: 0
        Ease: 1
        AnimationCurve:
          serializedVersion: 2
          m_Curve: []
          m_PreInfinity: 2
          m_PostInfinity: 2
          m_RotationOrder: 4
        StartDelay: 0
        Duration: 0.4
      Rotate:
        AnimationType: 4
        Enabled: 0
        From: {x: 0, y: 0, z: 0}
        To: {x: 0, y: 0, z: 0}
        By: {x: 0, y: 90, z: 30}
        UseCustomFromAndTo: 0
        Vibrato: 32
        Elasticity: 0.5
        NumberOfLoops: -1
        LoopType: 1
        RotateMode: 1
        EaseType: 0
        Ease: 1
        AnimationCurve:
          serializedVersion: 2
          m_Curve: []
          m_PreInfinity: 2
          m_PostInfinity: 2
          m_RotationOrder: 4
        StartDelay: 0.1
        Duration: 0.3
      Scale:
        AnimationType: 4
        Enabled: 1
        From: {x: 0, y: 0, z: 0}
        To: {x: 0, y: 0, z: 0}
        By: {x: 0.7, y: -0.3, z: 0}
        UseCustomFromAndTo: 0
        Vibrato: 16
        Elasticity: 2
        NumberOfLoops: -1
        LoopType: 1
        EaseType: 0
        Ease: 1
        AnimationCurve:
          serializedVersion: 2
          m_Curve: []
          m_PreInfinity: 2
          m_PostInfinity: 2
          m_RotationOrder: 4
        StartDelay: 0
        Duration: 0.4
      Fade:
        AnimationType: 4
        Enabled: 0
        From: 0
        To: 1
        By: 0.5
        UseCustomFromAndTo: 0
        NumberOfLoops: -1
        LoopType: 1
        EaseType: 0
        Ease: 1
        AnimationCurve:
          serializedVersion: 2
          m_Curve: []
          m_PreInfinity: 2
          m_PostInfinity: 2
          m_RotationOrder: 4
        StartDelay: 0
        Duration: 1
    Ready: 1
    SelectButton: 0
    StateAnimation:
      AnimationType: 5
      Move:
        AnimationType: 5
        Enabled: 0
        From: {x: 0, y: 0, z: 0}
        To: {x: 0, y: 0, z: 0}
        By: {x: 0, y: 0, z: 0}
        UseCustomFromAndTo: 0
        Vibrato: 10
        Elasticity: 1
        NumberOfLoops: -1
        LoopType: 1
        Direction: 0
        CustomPosition: {x: 0, y: 0, z: 0}
        EaseType: 0
        Ease: 1
        AnimationCurve:
          serializedVersion: 2
          m_Curve: []
          m_PreInfinity: 2
          m_PostInfinity: 2
          m_RotationOrder: 4
        StartDelay: 0
        Duration: 1
      Rotate:
        AnimationType: 5
        Enabled: 0
        From: {x: 0, y: 0, z: 0}
        To: {x: 0, y: 0, z: 0}
        By: {x: 0, y: 0, z: 0}
        UseCustomFromAndTo: 0
        Vibrato: 10
        Elasticity: 1
        NumberOfLoops: -1
        LoopType: 1
        RotateMode: 1
        EaseType: 0
        Ease: 1
        AnimationCurve:
          serializedVersion: 2
          m_Curve: []
          m_PreInfinity: 2
          m_PostInfinity: 2
          m_RotationOrder: 4
        StartDelay: 0
        Duration: 1
      Scale:
        AnimationType: 5
        Enabled: 0
        From: {x: 0, y: 0, z: 0}
        To: {x: 0, y: 0, z: 0}
        By: {x: 0, y: 0, z: 0}
        UseCustomFromAndTo: 0
        Vibrato: 10
        Elasticity: 1
        NumberOfLoops: -1
        LoopType: 1
        EaseType: 0
        Ease: 1
        AnimationCurve:
          serializedVersion: 2
          m_Curve: []
          m_PreInfinity: 2
          m_PostInfinity: 2
          m_RotationOrder: 4
        StartDelay: 0
        Duration: 1
      Fade:
        AnimationType: 5
        Enabled: 0
        From: 0
        To: 0
        By: 0.5
        UseCustomFromAndTo: 0
        NumberOfLoops: -1
        LoopType: 1
        EaseType: 0
        Ease: 1
        AnimationCurve:
          serializedVersion: 2
          m_Curve: []
          m_PreInfinity: 2
          m_PostInfinity: 2
          m_RotationOrder: 4
        StartDelay: 0
        Duration: 1
    TriggerEventsAfterAnimation: 0
    m_behaviorType: 3
  OnPointerExit:
    Animators: []
    ButtonAnimationType: 0
    DeselectButton: 0
    DisableInterval: 0.4
    Enabled: 1
    LoadSelectedPresetAtRuntime: 0
    OnTrigger:
      AnimatorEvents: []
      Effect:
        AutoSort: 1
        Behavior: 0
        CustomSortingOrder: 0
        SortingSteps: 1
        ParticleSystem: {fileID: 0}
        StopBehavior: 1
        CustomSortingLayer: Default
      Event:
        m_PersistentCalls:
          m_Calls: []
        m_TypeName: UnityEngine.Events.UnityEvent, UnityEngine.CoreModule, Version=0.0.0.0,
          Culture=neutral, PublicKeyToken=null
      GameEvents: []
      SoundData:
        SoundSource: 0
        DatabaseName: General
        SoundName: No Sound
        AudioClip: {fileID: 0}
        OutputAudioMixerGroup: {fileID: 0}
    PresetCategory: Stretch
    PresetName: VerticalVibrate
    PunchAnimation:
      AnimationType: 4
      Move:
        AnimationType: 4
        Enabled: 0
        From: {x: 0, y: 0, z: 0}
        To: {x: 0, y: 0, z: 0}
        By: {x: 5, y: 0, z: 0}
        UseCustomFromAndTo: 0
        Vibrato: 8
        Elasticity: 0.5
        NumberOfLoops: -1
        LoopType: 1
        Direction: 0
        CustomPosition: {x: 0, y: 0, z: 0}
        EaseType: 0
        Ease: 1
        AnimationCurve:
          serializedVersion: 2
          m_Curve: []
          m_PreInfinity: 2
          m_PostInfinity: 2
          m_RotationOrder: 4
        StartDelay: 0
        Duration: 0.4
      Rotate:
        AnimationType: 4
        Enabled: 0
        From: {x: 0, y: 0, z: 0}
        To: {x: 0, y: 0, z: 0}
        By: {x: 0, y: 90, z: 30}
        UseCustomFromAndTo: 0
        Vibrato: 32
        Elasticity: 0.5
        NumberOfLoops: -1
        LoopType: 1
        RotateMode: 1
        EaseType: 0
        Ease: 1
        AnimationCurve:
          serializedVersion: 2
          m_Curve: []
          m_PreInfinity: 2
          m_PostInfinity: 2
          m_RotationOrder: 4
        StartDelay: 0.1
        Duration: 0.3
      Scale:
        AnimationType: 4
        Enabled: 1
        From: {x: 0, y: 0, z: 0}
        To: {x: 0, y: 0, z: 0}
        By: {x: -0.1, y: 0.2, z: 0}
        UseCustomFromAndTo: 0
        Vibrato: 14
        Elasticity: 1
        NumberOfLoops: -1
        LoopType: 1
        EaseType: 0
        Ease: 1
        AnimationCurve:
          serializedVersion: 2
          m_Curve: []
          m_PreInfinity: 2
          m_PostInfinity: 2
          m_RotationOrder: 4
        StartDelay: 0.3
        Duration: 0.5
      Fade:
        AnimationType: 4
        Enabled: 0
        From: 0
        To: 1
        By: 0.5
        UseCustomFromAndTo: 0
        NumberOfLoops: -1
        LoopType: 1
        EaseType: 0
        Ease: 1
        AnimationCurve:
          serializedVersion: 2
          m_Curve: []
          m_PreInfinity: 2
          m_PostInfinity: 2
          m_RotationOrder: 4
        StartDelay: 0
        Duration: 1
    Ready: 1
    SelectButton: 0
    StateAnimation:
      AnimationType: 5
      Move:
        AnimationType: 5
        Enabled: 0
        From: {x: 0, y: 0, z: 0}
        To: {x: 0, y: 0, z: 0}
        By: {x: 0, y: 0, z: 0}
        UseCustomFromAndTo: 0
        Vibrato: 10
        Elasticity: 1
        NumberOfLoops: -1
        LoopType: 1
        Direction: 0
        CustomPosition: {x: 0, y: 0, z: 0}
        EaseType: 0
        Ease: 1
        AnimationCurve:
          serializedVersion: 2
          m_Curve: []
          m_PreInfinity: 2
          m_PostInfinity: 2
          m_RotationOrder: 4
        StartDelay: 0
        Duration: 1
      Rotate:
        AnimationType: 5
        Enabled: 0
        From: {x: 0, y: 0, z: 0}
        To: {x: 0, y: 0, z: 0}
        By: {x: 0, y: 0, z: 0}
        UseCustomFromAndTo: 0
        Vibrato: 10
        Elasticity: 1
        NumberOfLoops: -1
        LoopType: 1
        RotateMode: 1
        EaseType: 0
        Ease: 1
        AnimationCurve:
          serializedVersion: 2
          m_Curve: []
          m_PreInfinity: 2
          m_PostInfinity: 2
          m_RotationOrder: 4
        StartDelay: 0
        Duration: 1
      Scale:
        AnimationType: 5
        Enabled: 0
        From: {x: 0, y: 0, z: 0}
        To: {x: 0, y: 0, z: 0}
        By: {x: 0, y: 0, z: 0}
        UseCustomFromAndTo: 0
        Vibrato: 10
        Elasticity: 1
        NumberOfLoops: -1
        LoopType: 1
        EaseType: 0
        Ease: 1
        AnimationCurve:
          serializedVersion: 2
          m_Curve: []
          m_PreInfinity: 2
          m_PostInfinity: 2
          m_RotationOrder: 4
        StartDelay: 0
        Duration: 1
      Fade:
        AnimationType: 5
        Enabled: 0
        From: 0
        To: 0
        By: 0.5
        UseCustomFromAndTo: 0
        NumberOfLoops: -1
        LoopType: 1
        EaseType: 0
        Ease: 1
        AnimationCurve:
          serializedVersion: 2
          m_Curve: []
          m_PreInfinity: 2
          m_PostInfinity: 2
          m_RotationOrder: 4
        StartDelay: 0
        Duration: 1
    TriggerEventsAfterAnimation: 0
    m_behaviorType: 4
  OnPointerDown:
    Animators: []
    ButtonAnimationType: 0
    DeselectButton: 0
    DisableInterval: 0
    Enabled: 0
    LoadSelectedPresetAtRuntime: 0
    OnTrigger:
      AnimatorEvents: []
      Effect:
        AutoSort: 1
        Behavior: 0
        CustomSortingOrder: 0
        SortingSteps: 1
        ParticleSystem: {fileID: 0}
        StopBehavior: 1
        CustomSortingLayer: Default
      Event:
        m_PersistentCalls:
          m_Calls: []
        m_TypeName: UnityEngine.Events.UnityEvent, UnityEngine.CoreModule, Version=0.0.0.0,
          Culture=neutral, PublicKeyToken=null
      GameEvents: []
      SoundData:
        SoundSource: 0
        DatabaseName: General
        SoundName: No Sound
        AudioClip: {fileID: 0}
        OutputAudioMixerGroup: {fileID: 0}
    PresetCategory: Uncategorized
    PresetName: Default
    PunchAnimation:
      AnimationType: 4
      Move:
        AnimationType: 4
        Enabled: 0
        From: {x: 0, y: 0, z: 0}
        To: {x: 0, y: 0, z: 0}
        By: {x: 0, y: 0, z: 0}
        UseCustomFromAndTo: 0
        Vibrato: 10
        Elasticity: 1
        NumberOfLoops: -1
        LoopType: 1
        Direction: 0
        CustomPosition: {x: 0, y: 0, z: 0}
        EaseType: 0
        Ease: 1
        AnimationCurve:
          serializedVersion: 2
          m_Curve: []
          m_PreInfinity: 2
          m_PostInfinity: 2
          m_RotationOrder: 4
        StartDelay: 0
        Duration: 1
      Rotate:
        AnimationType: 4
        Enabled: 0
        From: {x: 0, y: 0, z: 0}
        To: {x: 0, y: 0, z: 0}
        By: {x: 0, y: 0, z: 0}
        UseCustomFromAndTo: 0
        Vibrato: 10
        Elasticity: 1
        NumberOfLoops: -1
        LoopType: 1
        RotateMode: 1
        EaseType: 0
        Ease: 1
        AnimationCurve:
          serializedVersion: 2
          m_Curve: []
          m_PreInfinity: 2
          m_PostInfinity: 2
          m_RotationOrder: 4
        StartDelay: 0
        Duration: 1
      Scale:
        AnimationType: 4
        Enabled: 0
        From: {x: 0, y: 0, z: 0}
        To: {x: 0, y: 0, z: 0}
        By: {x: 0, y: 0, z: 0}
        UseCustomFromAndTo: 0
        Vibrato: 10
        Elasticity: 1
        NumberOfLoops: -1
        LoopType: 1
        EaseType: 0
        Ease: 1
        AnimationCurve:
          serializedVersion: 2
          m_Curve: []
          m_PreInfinity: 2
          m_PostInfinity: 2
          m_RotationOrder: 4
        StartDelay: 0
        Duration: 1
      Fade:
        AnimationType: 4
        Enabled: 0
        From: 0
        To: 0
        By: 0.5
        UseCustomFromAndTo: 0
        NumberOfLoops: -1
        LoopType: 1
        EaseType: 0
        Ease: 1
        AnimationCurve:
          serializedVersion: 2
          m_Curve: []
          m_PreInfinity: 2
          m_PostInfinity: 2
          m_RotationOrder: 4
        StartDelay: 0
        Duration: 1
    Ready: 1
    SelectButton: 0
    StateAnimation:
      AnimationType: 5
      Move:
        AnimationType: 5
        Enabled: 0
        From: {x: 0, y: 0, z: 0}
        To: {x: 0, y: 0, z: 0}
        By: {x: 0, y: 0, z: 0}
        UseCustomFromAndTo: 0
        Vibrato: 10
        Elasticity: 1
        NumberOfLoops: -1
        LoopType: 1
        Direction: 0
        CustomPosition: {x: 0, y: 0, z: 0}
        EaseType: 0
        Ease: 1
        AnimationCurve:
          serializedVersion: 2
          m_Curve: []
          m_PreInfinity: 2
          m_PostInfinity: 2
          m_RotationOrder: 4
        StartDelay: 0
        Duration: 1
      Rotate:
        AnimationType: 5
        Enabled: 0
        From: {x: 0, y: 0, z: 0}
        To: {x: 0, y: 0, z: 0}
        By: {x: 0, y: 0, z: 0}
        UseCustomFromAndTo: 0
        Vibrato: 10
        Elasticity: 1
        NumberOfLoops: -1
        LoopType: 1
        RotateMode: 1
        EaseType: 0
        Ease: 1
        AnimationCurve:
          serializedVersion: 2
          m_Curve: []
          m_PreInfinity: 2
          m_PostInfinity: 2
          m_RotationOrder: 4
        StartDelay: 0
        Duration: 1
      Scale:
        AnimationType: 5
        Enabled: 0
        From: {x: 0, y: 0, z: 0}
        To: {x: 0, y: 0, z: 0}
        By: {x: 0, y: 0, z: 0}
        UseCustomFromAndTo: 0
        Vibrato: 10
        Elasticity: 1
        NumberOfLoops: -1
        LoopType: 1
        EaseType: 0
        Ease: 1
        AnimationCurve:
          serializedVersion: 2
          m_Curve: []
          m_PreInfinity: 2
          m_PostInfinity: 2
          m_RotationOrder: 4
        StartDelay: 0
        Duration: 1
      Fade:
        AnimationType: 5
        Enabled: 0
        From: 0
        To: 0
        By: 0.5
        UseCustomFromAndTo: 0
        NumberOfLoops: -1
        LoopType: 1
        EaseType: 0
        Ease: 1
        AnimationCurve:
          serializedVersion: 2
          m_Curve: []
          m_PreInfinity: 2
          m_PostInfinity: 2
          m_RotationOrder: 4
        StartDelay: 0
        Duration: 1
    TriggerEventsAfterAnimation: 0
    m_behaviorType: 5
  OnPointerUp:
    Animators: []
    ButtonAnimationType: 0
    DeselectButton: 0
    DisableInterval: 0
    Enabled: 0
    LoadSelectedPresetAtRuntime: 0
    OnTrigger:
      AnimatorEvents: []
      Effect:
        AutoSort: 1
        Behavior: 0
        CustomSortingOrder: 0
        SortingSteps: 1
        ParticleSystem: {fileID: 0}
        StopBehavior: 1
        CustomSortingLayer: Default
      Event:
        m_PersistentCalls:
          m_Calls: []
        m_TypeName: UnityEngine.Events.UnityEvent, UnityEngine.CoreModule, Version=0.0.0.0,
          Culture=neutral, PublicKeyToken=null
      GameEvents: []
      SoundData:
        SoundSource: 0
        DatabaseName: General
        SoundName: No Sound
        AudioClip: {fileID: 0}
        OutputAudioMixerGroup: {fileID: 0}
    PresetCategory: Uncategorized
    PresetName: Default
    PunchAnimation:
      AnimationType: 4
      Move:
        AnimationType: 4
        Enabled: 0
        From: {x: 0, y: 0, z: 0}
        To: {x: 0, y: 0, z: 0}
        By: {x: 0, y: 0, z: 0}
        UseCustomFromAndTo: 0
        Vibrato: 10
        Elasticity: 1
        NumberOfLoops: -1
        LoopType: 1
        Direction: 0
        CustomPosition: {x: 0, y: 0, z: 0}
        EaseType: 0
        Ease: 1
        AnimationCurve:
          serializedVersion: 2
          m_Curve: []
          m_PreInfinity: 2
          m_PostInfinity: 2
          m_RotationOrder: 4
        StartDelay: 0
        Duration: 1
      Rotate:
        AnimationType: 4
        Enabled: 0
        From: {x: 0, y: 0, z: 0}
        To: {x: 0, y: 0, z: 0}
        By: {x: 0, y: 0, z: 0}
        UseCustomFromAndTo: 0
        Vibrato: 10
        Elasticity: 1
        NumberOfLoops: -1
        LoopType: 1
        RotateMode: 1
        EaseType: 0
        Ease: 1
        AnimationCurve:
          serializedVersion: 2
          m_Curve: []
          m_PreInfinity: 2
          m_PostInfinity: 2
          m_RotationOrder: 4
        StartDelay: 0
        Duration: 1
      Scale:
        AnimationType: 4
        Enabled: 0
        From: {x: 0, y: 0, z: 0}
        To: {x: 0, y: 0, z: 0}
        By: {x: 0, y: 0, z: 0}
        UseCustomFromAndTo: 0
        Vibrato: 10
        Elasticity: 1
        NumberOfLoops: -1
        LoopType: 1
        EaseType: 0
        Ease: 1
        AnimationCurve:
          serializedVersion: 2
          m_Curve: []
          m_PreInfinity: 2
          m_PostInfinity: 2
          m_RotationOrder: 4
        StartDelay: 0
        Duration: 1
      Fade:
        AnimationType: 4
        Enabled: 0
        From: 0
        To: 0
        By: 0.5
        UseCustomFromAndTo: 0
        NumberOfLoops: -1
        LoopType: 1
        EaseType: 0
        Ease: 1
        AnimationCurve:
          serializedVersion: 2
          m_Curve: []
          m_PreInfinity: 2
          m_PostInfinity: 2
          m_RotationOrder: 4
        StartDelay: 0
        Duration: 1
    Ready: 1
    SelectButton: 0
    StateAnimation:
      AnimationType: 5
      Move:
        AnimationType: 5
        Enabled: 0
        From: {x: 0, y: 0, z: 0}
        To: {x: 0, y: 0, z: 0}
        By: {x: 0, y: 0, z: 0}
        UseCustomFromAndTo: 0
        Vibrato: 10
        Elasticity: 1
        NumberOfLoops: -1
        LoopType: 1
        Direction: 0
        CustomPosition: {x: 0, y: 0, z: 0}
        EaseType: 0
        Ease: 1
        AnimationCurve:
          serializedVersion: 2
          m_Curve: []
          m_PreInfinity: 2
          m_PostInfinity: 2
          m_RotationOrder: 4
        StartDelay: 0
        Duration: 1
      Rotate:
        AnimationType: 5
        Enabled: 0
        From: {x: 0, y: 0, z: 0}
        To: {x: 0, y: 0, z: 0}
        By: {x: 0, y: 0, z: 0}
        UseCustomFromAndTo: 0
        Vibrato: 10
        Elasticity: 1
        NumberOfLoops: -1
        LoopType: 1
        RotateMode: 1
        EaseType: 0
        Ease: 1
        AnimationCurve:
          serializedVersion: 2
          m_Curve: []
          m_PreInfinity: 2
          m_PostInfinity: 2
          m_RotationOrder: 4
        StartDelay: 0
        Duration: 1
      Scale:
        AnimationType: 5
        Enabled: 0
        From: {x: 0, y: 0, z: 0}
        To: {x: 0, y: 0, z: 0}
        By: {x: 0, y: 0, z: 0}
        UseCustomFromAndTo: 0
        Vibrato: 10
        Elasticity: 1
        NumberOfLoops: -1
        LoopType: 1
        EaseType: 0
        Ease: 1
        AnimationCurve:
          serializedVersion: 2
          m_Curve: []
          m_PreInfinity: 2
          m_PostInfinity: 2
          m_RotationOrder: 4
        StartDelay: 0
        Duration: 1
      Fade:
        AnimationType: 5
        Enabled: 0
        From: 0
        To: 0
        By: 0.5
        UseCustomFromAndTo: 0
        NumberOfLoops: -1
        LoopType: 1
        EaseType: 0
        Ease: 1
        AnimationCurve:
          serializedVersion: 2
          m_Curve: []
          m_PreInfinity: 2
          m_PostInfinity: 2
          m_RotationOrder: 4
        StartDelay: 0
        Duration: 1
    TriggerEventsAfterAnimation: 0
    m_behaviorType: 6
  OnClick:
    Animators: []
    ButtonAnimationType: 0
    DeselectButton: 0
    DisableInterval: 0.4
    Enabled: 1
    LoadSelectedPresetAtRuntime: 0
    OnTrigger:
      AnimatorEvents: []
      Effect:
        AutoSort: 1
        Behavior: 0
        CustomSortingOrder: 0
        SortingSteps: 1
        ParticleSystem: {fileID: 0}
        StopBehavior: 1
        CustomSortingLayer: Default
      Event:
        m_PersistentCalls:
          m_Calls: []
        m_TypeName: UnityEngine.Events.UnityEvent, UnityEngine.CoreModule, Version=0.0.0.0,
          Culture=neutral, PublicKeyToken=null
      GameEvents: []
      SoundData:
        SoundSource: 0
        DatabaseName: General
        SoundName: No Sound
        AudioClip: {fileID: 0}
        OutputAudioMixerGroup: {fileID: 0}
    PresetCategory: Organic
    PresetName: GummyNormal
    PunchAnimation:
      AnimationType: 4
      Move:
        AnimationType: 4
        Enabled: 0
        From: {x: 0, y: 0, z: 0}
        To: {x: 0, y: 0, z: 0}
        By: {x: 0, y: -10, z: 0}
        UseCustomFromAndTo: 0
        Vibrato: 12
        Elasticity: 1
        NumberOfLoops: -1
        LoopType: 1
        Direction: 0
        CustomPosition: {x: 0, y: 0, z: 0}
        EaseType: 0
        Ease: 1
        AnimationCurve:
          serializedVersion: 2
          m_Curve: []
          m_PreInfinity: 2
          m_PostInfinity: 2
          m_RotationOrder: 4
        StartDelay: 0
        Duration: 0.3
      Rotate:
        AnimationType: 4
        Enabled: 0
        From: {x: 0, y: 0, z: 0}
        To: {x: 0, y: 0, z: 0}
        By: {x: 0, y: 0, z: -5}
        UseCustomFromAndTo: 0
        Vibrato: 4
        Elasticity: 0.5
        NumberOfLoops: -1
        LoopType: 1
        RotateMode: 1
        EaseType: 0
        Ease: 1
        AnimationCurve:
          serializedVersion: 2
          m_Curve: []
          m_PreInfinity: 2
          m_PostInfinity: 2
          m_RotationOrder: 4
        StartDelay: 0
        Duration: 0.3
      Scale:
        AnimationType: 4
        Enabled: 1
        From: {x: 0, y: 0, z: 0}
        To: {x: 0, y: 0, z: 0}
        By: {x: -0.15, y: 0.15, z: 0}
        UseCustomFromAndTo: 0
        Vibrato: 4
        Elasticity: 0.5
        NumberOfLoops: -1
        LoopType: 1
        EaseType: 0
        Ease: 1
        AnimationCurve:
          serializedVersion: 2
          m_Curve: []
          m_PreInfinity: 2
          m_PostInfinity: 2
          m_RotationOrder: 4
        StartDelay: 0
        Duration: 0.3
      Fade:
        AnimationType: 4
        Enabled: 0
        From: 0
        To: 1
        By: 0.5
        UseCustomFromAndTo: 0
        NumberOfLoops: -1
        LoopType: 1
        EaseType: 0
        Ease: 1
        AnimationCurve:
          serializedVersion: 2
          m_Curve: []
          m_PreInfinity: 2
          m_PostInfinity: 2
          m_RotationOrder: 4
        StartDelay: 0
        Duration: 1
    Ready: 1
    SelectButton: 0
    StateAnimation:
      AnimationType: 5
      Move:
        AnimationType: 5
        Enabled: 0
        From: {x: 0, y: 0, z: 0}
        To: {x: 0, y: 0, z: 0}
        By: {x: 0, y: 0, z: 0}
        UseCustomFromAndTo: 0
        Vibrato: 10
        Elasticity: 1
        NumberOfLoops: -1
        LoopType: 1
        Direction: 0
        CustomPosition: {x: 0, y: 0, z: 0}
        EaseType: 0
        Ease: 1
        AnimationCurve:
          serializedVersion: 2
          m_Curve: []
          m_PreInfinity: 2
          m_PostInfinity: 2
          m_RotationOrder: 4
        StartDelay: 0
        Duration: 1
      Rotate:
        AnimationType: 5
        Enabled: 0
        From: {x: 0, y: 0, z: 0}
        To: {x: 0, y: 0, z: 0}
        By: {x: 0, y: 0, z: 0}
        UseCustomFromAndTo: 0
        Vibrato: 10
        Elasticity: 1
        NumberOfLoops: -1
        LoopType: 1
        RotateMode: 1
        EaseType: 0
        Ease: 1
        AnimationCurve:
          serializedVersion: 2
          m_Curve: []
          m_PreInfinity: 2
          m_PostInfinity: 2
          m_RotationOrder: 4
        StartDelay: 0
        Duration: 1
      Scale:
        AnimationType: 5
        Enabled: 0
        From: {x: 0, y: 0, z: 0}
        To: {x: 0, y: 0, z: 0}
        By: {x: 0, y: 0, z: 0}
        UseCustomFromAndTo: 0
        Vibrato: 10
        Elasticity: 1
        NumberOfLoops: -1
        LoopType: 1
        EaseType: 0
        Ease: 1
        AnimationCurve:
          serializedVersion: 2
          m_Curve: []
          m_PreInfinity: 2
          m_PostInfinity: 2
          m_RotationOrder: 4
        StartDelay: 0
        Duration: 1
      Fade:
        AnimationType: 5
        Enabled: 0
        From: 0
        To: 0
        By: 0.5
        UseCustomFromAndTo: 0
        NumberOfLoops: -1
        LoopType: 1
        EaseType: 0
        Ease: 1
        AnimationCurve:
          serializedVersion: 2
          m_Curve: []
          m_PreInfinity: 2
          m_PostInfinity: 2
          m_RotationOrder: 4
        StartDelay: 0
        Duration: 1
    TriggerEventsAfterAnimation: 0
    m_behaviorType: 0
  OnDoubleClick:
    Animators: []
    ButtonAnimationType: 0
    DeselectButton: 0
    DisableInterval: 0.2
    Enabled: 0
    LoadSelectedPresetAtRuntime: 0
    OnTrigger:
      AnimatorEvents: []
      Effect:
        AutoSort: 1
        Behavior: 0
        CustomSortingOrder: 0
        SortingSteps: 1
        ParticleSystem: {fileID: 0}
        StopBehavior: 1
        CustomSortingLayer: Default
      Event:
        m_PersistentCalls:
          m_Calls: []
        m_TypeName: UnityEngine.Events.UnityEvent, UnityEngine.CoreModule, Version=0.0.0.0,
          Culture=neutral, PublicKeyToken=null
      GameEvents: []
      SoundData:
        SoundSource: 0
        DatabaseName: General
        SoundName: No Sound
        AudioClip: {fileID: 0}
        OutputAudioMixerGroup: {fileID: 0}
    PresetCategory: Uncategorized
    PresetName: Default
    PunchAnimation:
      AnimationType: 4
      Move:
        AnimationType: 4
        Enabled: 0
        From: {x: 0, y: 0, z: 0}
        To: {x: 0, y: 0, z: 0}
        By: {x: 0, y: 0, z: 0}
        UseCustomFromAndTo: 0
        Vibrato: 10
        Elasticity: 1
        NumberOfLoops: -1
        LoopType: 1
        Direction: 0
        CustomPosition: {x: 0, y: 0, z: 0}
        EaseType: 0
        Ease: 1
        AnimationCurve:
          serializedVersion: 2
          m_Curve: []
          m_PreInfinity: 2
          m_PostInfinity: 2
          m_RotationOrder: 4
        StartDelay: 0
        Duration: 1
      Rotate:
        AnimationType: 4
        Enabled: 0
        From: {x: 0, y: 0, z: 0}
        To: {x: 0, y: 0, z: 0}
        By: {x: 0, y: 0, z: 0}
        UseCustomFromAndTo: 0
        Vibrato: 10
        Elasticity: 1
        NumberOfLoops: -1
        LoopType: 1
        RotateMode: 1
        EaseType: 0
        Ease: 1
        AnimationCurve:
          serializedVersion: 2
          m_Curve: []
          m_PreInfinity: 2
          m_PostInfinity: 2
          m_RotationOrder: 4
        StartDelay: 0
        Duration: 1
      Scale:
        AnimationType: 4
        Enabled: 0
        From: {x: 0, y: 0, z: 0}
        To: {x: 0, y: 0, z: 0}
        By: {x: 0, y: 0, z: 0}
        UseCustomFromAndTo: 0
        Vibrato: 10
        Elasticity: 1
        NumberOfLoops: -1
        LoopType: 1
        EaseType: 0
        Ease: 1
        AnimationCurve:
          serializedVersion: 2
          m_Curve: []
          m_PreInfinity: 2
          m_PostInfinity: 2
          m_RotationOrder: 4
        StartDelay: 0
        Duration: 1
      Fade:
        AnimationType: 4
        Enabled: 0
        From: 0
        To: 0
        By: 0.5
        UseCustomFromAndTo: 0
        NumberOfLoops: -1
        LoopType: 1
        EaseType: 0
        Ease: 1
        AnimationCurve:
          serializedVersion: 2
          m_Curve: []
          m_PreInfinity: 2
          m_PostInfinity: 2
          m_RotationOrder: 4
        StartDelay: 0
        Duration: 1
    Ready: 1
    SelectButton: 0
    StateAnimation:
      AnimationType: 5
      Move:
        AnimationType: 5
        Enabled: 0
        From: {x: 0, y: 0, z: 0}
        To: {x: 0, y: 0, z: 0}
        By: {x: 0, y: 0, z: 0}
        UseCustomFromAndTo: 0
        Vibrato: 10
        Elasticity: 1
        NumberOfLoops: -1
        LoopType: 1
        Direction: 0
        CustomPosition: {x: 0, y: 0, z: 0}
        EaseType: 0
        Ease: 1
        AnimationCurve:
          serializedVersion: 2
          m_Curve: []
          m_PreInfinity: 2
          m_PostInfinity: 2
          m_RotationOrder: 4
        StartDelay: 0
        Duration: 1
      Rotate:
        AnimationType: 5
        Enabled: 0
        From: {x: 0, y: 0, z: 0}
        To: {x: 0, y: 0, z: 0}
        By: {x: 0, y: 0, z: 0}
        UseCustomFromAndTo: 0
        Vibrato: 10
        Elasticity: 1
        NumberOfLoops: -1
        LoopType: 1
        RotateMode: 1
        EaseType: 0
        Ease: 1
        AnimationCurve:
          serializedVersion: 2
          m_Curve: []
          m_PreInfinity: 2
          m_PostInfinity: 2
          m_RotationOrder: 4
        StartDelay: 0
        Duration: 1
      Scale:
        AnimationType: 5
        Enabled: 0
        From: {x: 0, y: 0, z: 0}
        To: {x: 0, y: 0, z: 0}
        By: {x: 0, y: 0, z: 0}
        UseCustomFromAndTo: 0
        Vibrato: 10
        Elasticity: 1
        NumberOfLoops: -1
        LoopType: 1
        EaseType: 0
        Ease: 1
        AnimationCurve:
          serializedVersion: 2
          m_Curve: []
          m_PreInfinity: 2
          m_PostInfinity: 2
          m_RotationOrder: 4
        StartDelay: 0
        Duration: 1
      Fade:
        AnimationType: 5
        Enabled: 0
        From: 0
        To: 0
        By: 0.5
        UseCustomFromAndTo: 0
        NumberOfLoops: -1
        LoopType: 1
        EaseType: 0
        Ease: 1
        AnimationCurve:
          serializedVersion: 2
          m_Curve: []
          m_PreInfinity: 2
          m_PostInfinity: 2
          m_RotationOrder: 4
        StartDelay: 0
        Duration: 1
    TriggerEventsAfterAnimation: 0
    m_behaviorType: 1
  OnLongClick:
    Animators: []
    ButtonAnimationType: 0
    DeselectButton: 0
    DisableInterval: 0.2
    Enabled: 0
    LoadSelectedPresetAtRuntime: 0
    OnTrigger:
      AnimatorEvents: []
      Effect:
        AutoSort: 1
        Behavior: 0
        CustomSortingOrder: 0
        SortingSteps: 1
        ParticleSystem: {fileID: 0}
        StopBehavior: 1
        CustomSortingLayer: Default
      Event:
        m_PersistentCalls:
          m_Calls: []
        m_TypeName: UnityEngine.Events.UnityEvent, UnityEngine.CoreModule, Version=0.0.0.0,
          Culture=neutral, PublicKeyToken=null
      GameEvents: []
      SoundData:
        SoundSource: 0
        DatabaseName: General
        SoundName: No Sound
        AudioClip: {fileID: 0}
        OutputAudioMixerGroup: {fileID: 0}
    PresetCategory: Uncategorized
    PresetName: Default
    PunchAnimation:
      AnimationType: 4
      Move:
        AnimationType: 4
        Enabled: 0
        From: {x: 0, y: 0, z: 0}
        To: {x: 0, y: 0, z: 0}
        By: {x: 0, y: 0, z: 0}
        UseCustomFromAndTo: 0
        Vibrato: 10
        Elasticity: 1
        NumberOfLoops: -1
        LoopType: 1
        Direction: 0
        CustomPosition: {x: 0, y: 0, z: 0}
        EaseType: 0
        Ease: 1
        AnimationCurve:
          serializedVersion: 2
          m_Curve: []
          m_PreInfinity: 2
          m_PostInfinity: 2
          m_RotationOrder: 4
        StartDelay: 0
        Duration: 1
      Rotate:
        AnimationType: 4
        Enabled: 0
        From: {x: 0, y: 0, z: 0}
        To: {x: 0, y: 0, z: 0}
        By: {x: 0, y: 0, z: 0}
        UseCustomFromAndTo: 0
        Vibrato: 10
        Elasticity: 1
        NumberOfLoops: -1
        LoopType: 1
        RotateMode: 1
        EaseType: 0
        Ease: 1
        AnimationCurve:
          serializedVersion: 2
          m_Curve: []
          m_PreInfinity: 2
          m_PostInfinity: 2
          m_RotationOrder: 4
        StartDelay: 0
        Duration: 1
      Scale:
        AnimationType: 4
        Enabled: 0
        From: {x: 0, y: 0, z: 0}
        To: {x: 0, y: 0, z: 0}
        By: {x: 0, y: 0, z: 0}
        UseCustomFromAndTo: 0
        Vibrato: 10
        Elasticity: 1
        NumberOfLoops: -1
        LoopType: 1
        EaseType: 0
        Ease: 1
        AnimationCurve:
          serializedVersion: 2
          m_Curve: []
          m_PreInfinity: 2
          m_PostInfinity: 2
          m_RotationOrder: 4
        StartDelay: 0
        Duration: 1
      Fade:
        AnimationType: 4
        Enabled: 0
        From: 0
        To: 0
        By: 0.5
        UseCustomFromAndTo: 0
        NumberOfLoops: -1
        LoopType: 1
        EaseType: 0
        Ease: 1
        AnimationCurve:
          serializedVersion: 2
          m_Curve: []
          m_PreInfinity: 2
          m_PostInfinity: 2
          m_RotationOrder: 4
        StartDelay: 0
        Duration: 1
    Ready: 1
    SelectButton: 0
    StateAnimation:
      AnimationType: 5
      Move:
        AnimationType: 5
        Enabled: 0
        From: {x: 0, y: 0, z: 0}
        To: {x: 0, y: 0, z: 0}
        By: {x: 0, y: 0, z: 0}
        UseCustomFromAndTo: 0
        Vibrato: 10
        Elasticity: 1
        NumberOfLoops: -1
        LoopType: 1
        Direction: 0
        CustomPosition: {x: 0, y: 0, z: 0}
        EaseType: 0
        Ease: 1
        AnimationCurve:
          serializedVersion: 2
          m_Curve: []
          m_PreInfinity: 2
          m_PostInfinity: 2
          m_RotationOrder: 4
        StartDelay: 0
        Duration: 1
      Rotate:
        AnimationType: 5
        Enabled: 0
        From: {x: 0, y: 0, z: 0}
        To: {x: 0, y: 0, z: 0}
        By: {x: 0, y: 0, z: 0}
        UseCustomFromAndTo: 0
        Vibrato: 10
        Elasticity: 1
        NumberOfLoops: -1
        LoopType: 1
        RotateMode: 1
        EaseType: 0
        Ease: 1
        AnimationCurve:
          serializedVersion: 2
          m_Curve: []
          m_PreInfinity: 2
          m_PostInfinity: 2
          m_RotationOrder: 4
        StartDelay: 0
        Duration: 1
      Scale:
        AnimationType: 5
        Enabled: 0
        From: {x: 0, y: 0, z: 0}
        To: {x: 0, y: 0, z: 0}
        By: {x: 0, y: 0, z: 0}
        UseCustomFromAndTo: 0
        Vibrato: 10
        Elasticity: 1
        NumberOfLoops: -1
        LoopType: 1
        EaseType: 0
        Ease: 1
        AnimationCurve:
          serializedVersion: 2
          m_Curve: []
          m_PreInfinity: 2
          m_PostInfinity: 2
          m_RotationOrder: 4
        StartDelay: 0
        Duration: 1
      Fade:
        AnimationType: 5
        Enabled: 0
        From: 0
        To: 0
        By: 0.5
        UseCustomFromAndTo: 0
        NumberOfLoops: -1
        LoopType: 1
        EaseType: 0
        Ease: 1
        AnimationCurve:
          serializedVersion: 2
          m_Curve: []
          m_PreInfinity: 2
          m_PostInfinity: 2
          m_RotationOrder: 4
        StartDelay: 0
        Duration: 1
    TriggerEventsAfterAnimation: 0
    m_behaviorType: 2
  OnRightClick:
    Animators: []
    ButtonAnimationType: 0
    DeselectButton: 0
    DisableInterval: 0
    Enabled: 0
    LoadSelectedPresetAtRuntime: 0
    OnTrigger:
      AnimatorEvents: []
      Effect:
        AutoSort: 1
        Behavior: 0
        CustomSortingOrder: 0
        SortingSteps: 1
        ParticleSystem: {fileID: 0}
        StopBehavior: 1
        CustomSortingLayer: Default
      Event:
        m_PersistentCalls:
          m_Calls: []
        m_TypeName: UnityEngine.Events.UnityEvent, UnityEngine.CoreModule, Version=0.0.0.0,
          Culture=neutral, PublicKeyToken=null
      GameEvents: []
      SoundData:
        SoundSource: 0
        DatabaseName: General
        SoundName: No Sound
        AudioClip: {fileID: 0}
        OutputAudioMixerGroup: {fileID: 0}
    PresetCategory: Uncategorized
    PresetName: Default
    PunchAnimation:
      AnimationType: 4
      Move:
        AnimationType: 4
        Enabled: 0
        From: {x: 0, y: 0, z: 0}
        To: {x: 0, y: 0, z: 0}
        By: {x: 0, y: 0, z: 0}
        UseCustomFromAndTo: 0
        Vibrato: 10
        Elasticity: 1
        NumberOfLoops: -1
        LoopType: 1
        Direction: 0
        CustomPosition: {x: 0, y: 0, z: 0}
        EaseType: 0
        Ease: 1
        AnimationCurve:
          serializedVersion: 2
          m_Curve: []
          m_PreInfinity: 2
          m_PostInfinity: 2
          m_RotationOrder: 4
        StartDelay: 0
        Duration: 1
      Rotate:
        AnimationType: 4
        Enabled: 0
        From: {x: 0, y: 0, z: 0}
        To: {x: 0, y: 0, z: 0}
        By: {x: 0, y: 0, z: 0}
        UseCustomFromAndTo: 0
        Vibrato: 10
        Elasticity: 1
        NumberOfLoops: -1
        LoopType: 1
        RotateMode: 1
        EaseType: 0
        Ease: 1
        AnimationCurve:
          serializedVersion: 2
          m_Curve: []
          m_PreInfinity: 2
          m_PostInfinity: 2
          m_RotationOrder: 4
        StartDelay: 0
        Duration: 1
      Scale:
        AnimationType: 4
        Enabled: 0
        From: {x: 0, y: 0, z: 0}
        To: {x: 0, y: 0, z: 0}
        By: {x: 0, y: 0, z: 0}
        UseCustomFromAndTo: 0
        Vibrato: 10
        Elasticity: 1
        NumberOfLoops: -1
        LoopType: 1
        EaseType: 0
        Ease: 1
        AnimationCurve:
          serializedVersion: 2
          m_Curve: []
          m_PreInfinity: 2
          m_PostInfinity: 2
          m_RotationOrder: 4
        StartDelay: 0
        Duration: 1
      Fade:
        AnimationType: 4
        Enabled: 0
        From: 0
        To: 0
        By: 0.5
        UseCustomFromAndTo: 0
        NumberOfLoops: -1
        LoopType: 1
        EaseType: 0
        Ease: 1
        AnimationCurve:
          serializedVersion: 2
          m_Curve: []
          m_PreInfinity: 2
          m_PostInfinity: 2
          m_RotationOrder: 4
        StartDelay: 0
        Duration: 1
    Ready: 1
    SelectButton: 0
    StateAnimation:
      AnimationType: 5
      Move:
        AnimationType: 5
        Enabled: 0
        From: {x: 0, y: 0, z: 0}
        To: {x: 0, y: 0, z: 0}
        By: {x: 0, y: 0, z: 0}
        UseCustomFromAndTo: 0
        Vibrato: 10
        Elasticity: 1
        NumberOfLoops: -1
        LoopType: 1
        Direction: 0
        CustomPosition: {x: 0, y: 0, z: 0}
        EaseType: 0
        Ease: 1
        AnimationCurve:
          serializedVersion: 2
          m_Curve: []
          m_PreInfinity: 2
          m_PostInfinity: 2
          m_RotationOrder: 4
        StartDelay: 0
        Duration: 1
      Rotate:
        AnimationType: 5
        Enabled: 0
        From: {x: 0, y: 0, z: 0}
        To: {x: 0, y: 0, z: 0}
        By: {x: 0, y: 0, z: 0}
        UseCustomFromAndTo: 0
        Vibrato: 10
        Elasticity: 1
        NumberOfLoops: -1
        LoopType: 1
        RotateMode: 1
        EaseType: 0
        Ease: 1
        AnimationCurve:
          serializedVersion: 2
          m_Curve: []
          m_PreInfinity: 2
          m_PostInfinity: 2
          m_RotationOrder: 4
        StartDelay: 0
        Duration: 1
      Scale:
        AnimationType: 5
        Enabled: 0
        From: {x: 0, y: 0, z: 0}
        To: {x: 0, y: 0, z: 0}
        By: {x: 0, y: 0, z: 0}
        UseCustomFromAndTo: 0
        Vibrato: 10
        Elasticity: 1
        NumberOfLoops: -1
        LoopType: 1
        EaseType: 0
        Ease: 1
        AnimationCurve:
          serializedVersion: 2
          m_Curve: []
          m_PreInfinity: 2
          m_PostInfinity: 2
          m_RotationOrder: 4
        StartDelay: 0
        Duration: 1
      Fade:
        AnimationType: 5
        Enabled: 0
        From: 0
        To: 0
        By: 0.5
        UseCustomFromAndTo: 0
        NumberOfLoops: -1
        LoopType: 1
        EaseType: 0
        Ease: 1
        AnimationCurve:
          serializedVersion: 2
          m_Curve: []
          m_PreInfinity: 2
          m_PostInfinity: 2
          m_RotationOrder: 4
        StartDelay: 0
        Duration: 1
    TriggerEventsAfterAnimation: 0
    m_behaviorType: 9
  OnSelected:
    Animators: []
    ButtonAnimationType: 0
    DeselectButton: 0
    DisableInterval: 0
    Enabled: 0
    LoadSelectedPresetAtRuntime: 0
    OnTrigger:
      AnimatorEvents: []
      Effect:
        AutoSort: 1
        Behavior: 0
        CustomSortingOrder: 0
        SortingSteps: 1
        ParticleSystem: {fileID: 0}
        StopBehavior: 1
        CustomSortingLayer: Default
      Event:
        m_PersistentCalls:
          m_Calls: []
        m_TypeName: UnityEngine.Events.UnityEvent, UnityEngine.CoreModule, Version=0.0.0.0,
          Culture=neutral, PublicKeyToken=null
      GameEvents: []
      SoundData:
        SoundSource: 0
        DatabaseName: General
        SoundName: No Sound
        AudioClip: {fileID: 0}
        OutputAudioMixerGroup: {fileID: 0}
    PresetCategory: Uncategorized
    PresetName: Default
    PunchAnimation:
      AnimationType: 4
      Move:
        AnimationType: 4
        Enabled: 0
        From: {x: 0, y: 0, z: 0}
        To: {x: 0, y: 0, z: 0}
        By: {x: 0, y: 0, z: 0}
        UseCustomFromAndTo: 0
        Vibrato: 10
        Elasticity: 1
        NumberOfLoops: -1
        LoopType: 1
        Direction: 0
        CustomPosition: {x: 0, y: 0, z: 0}
        EaseType: 0
        Ease: 1
        AnimationCurve:
          serializedVersion: 2
          m_Curve: []
          m_PreInfinity: 2
          m_PostInfinity: 2
          m_RotationOrder: 4
        StartDelay: 0
        Duration: 1
      Rotate:
        AnimationType: 4
        Enabled: 0
        From: {x: 0, y: 0, z: 0}
        To: {x: 0, y: 0, z: 0}
        By: {x: 0, y: 0, z: 0}
        UseCustomFromAndTo: 0
        Vibrato: 10
        Elasticity: 1
        NumberOfLoops: -1
        LoopType: 1
        RotateMode: 1
        EaseType: 0
        Ease: 1
        AnimationCurve:
          serializedVersion: 2
          m_Curve: []
          m_PreInfinity: 2
          m_PostInfinity: 2
          m_RotationOrder: 4
        StartDelay: 0
        Duration: 1
      Scale:
        AnimationType: 4
        Enabled: 0
        From: {x: 0, y: 0, z: 0}
        To: {x: 0, y: 0, z: 0}
        By: {x: 0, y: 0, z: 0}
        UseCustomFromAndTo: 0
        Vibrato: 10
        Elasticity: 1
        NumberOfLoops: -1
        LoopType: 1
        EaseType: 0
        Ease: 1
        AnimationCurve:
          serializedVersion: 2
          m_Curve: []
          m_PreInfinity: 2
          m_PostInfinity: 2
          m_RotationOrder: 4
        StartDelay: 0
        Duration: 1
      Fade:
        AnimationType: 4
        Enabled: 0
        From: 0
        To: 0
        By: 0.5
        UseCustomFromAndTo: 0
        NumberOfLoops: -1
        LoopType: 1
        EaseType: 0
        Ease: 1
        AnimationCurve:
          serializedVersion: 2
          m_Curve: []
          m_PreInfinity: 2
          m_PostInfinity: 2
          m_RotationOrder: 4
        StartDelay: 0
        Duration: 1
    Ready: 1
    SelectButton: 0
    StateAnimation:
      AnimationType: 5
      Move:
        AnimationType: 5
        Enabled: 0
        From: {x: 0, y: 0, z: 0}
        To: {x: 0, y: 0, z: 0}
        By: {x: 0, y: 0, z: 0}
        UseCustomFromAndTo: 0
        Vibrato: 10
        Elasticity: 1
        NumberOfLoops: -1
        LoopType: 1
        Direction: 0
        CustomPosition: {x: 0, y: 0, z: 0}
        EaseType: 0
        Ease: 1
        AnimationCurve:
          serializedVersion: 2
          m_Curve: []
          m_PreInfinity: 2
          m_PostInfinity: 2
          m_RotationOrder: 4
        StartDelay: 0
        Duration: 1
      Rotate:
        AnimationType: 5
        Enabled: 0
        From: {x: 0, y: 0, z: 0}
        To: {x: 0, y: 0, z: 0}
        By: {x: 0, y: 0, z: 0}
        UseCustomFromAndTo: 0
        Vibrato: 10
        Elasticity: 1
        NumberOfLoops: -1
        LoopType: 1
        RotateMode: 1
        EaseType: 0
        Ease: 1
        AnimationCurve:
          serializedVersion: 2
          m_Curve: []
          m_PreInfinity: 2
          m_PostInfinity: 2
          m_RotationOrder: 4
        StartDelay: 0
        Duration: 1
      Scale:
        AnimationType: 5
        Enabled: 0
        From: {x: 0, y: 0, z: 0}
        To: {x: 0, y: 0, z: 0}
        By: {x: 0, y: 0, z: 0}
        UseCustomFromAndTo: 0
        Vibrato: 10
        Elasticity: 1
        NumberOfLoops: -1
        LoopType: 1
        EaseType: 0
        Ease: 1
        AnimationCurve:
          serializedVersion: 2
          m_Curve: []
          m_PreInfinity: 2
          m_PostInfinity: 2
          m_RotationOrder: 4
        StartDelay: 0
        Duration: 1
      Fade:
        AnimationType: 5
        Enabled: 0
        From: 0
        To: 0
        By: 0.5
        UseCustomFromAndTo: 0
        NumberOfLoops: -1
        LoopType: 1
        EaseType: 0
        Ease: 1
        AnimationCurve:
          serializedVersion: 2
          m_Curve: []
          m_PreInfinity: 2
          m_PostInfinity: 2
          m_RotationOrder: 4
        StartDelay: 0
        Duration: 1
    TriggerEventsAfterAnimation: 0
    m_behaviorType: 7
  OnDeselected:
    Animators: []
    ButtonAnimationType: 0
    DeselectButton: 0
    DisableInterval: 0
    Enabled: 0
    LoadSelectedPresetAtRuntime: 0
    OnTrigger:
      AnimatorEvents: []
      Effect:
        AutoSort: 1
        Behavior: 0
        CustomSortingOrder: 0
        SortingSteps: 1
        ParticleSystem: {fileID: 0}
        StopBehavior: 1
        CustomSortingLayer: Default
      Event:
        m_PersistentCalls:
          m_Calls: []
        m_TypeName: UnityEngine.Events.UnityEvent, UnityEngine.CoreModule, Version=0.0.0.0,
          Culture=neutral, PublicKeyToken=null
      GameEvents: []
      SoundData:
        SoundSource: 0
        DatabaseName: General
        SoundName: No Sound
        AudioClip: {fileID: 0}
        OutputAudioMixerGroup: {fileID: 0}
    PresetCategory: Uncategorized
    PresetName: Default
    PunchAnimation:
      AnimationType: 4
      Move:
        AnimationType: 4
        Enabled: 0
        From: {x: 0, y: 0, z: 0}
        To: {x: 0, y: 0, z: 0}
        By: {x: 0, y: 0, z: 0}
        UseCustomFromAndTo: 0
        Vibrato: 10
        Elasticity: 1
        NumberOfLoops: -1
        LoopType: 1
        Direction: 0
        CustomPosition: {x: 0, y: 0, z: 0}
        EaseType: 0
        Ease: 1
        AnimationCurve:
          serializedVersion: 2
          m_Curve: []
          m_PreInfinity: 2
          m_PostInfinity: 2
          m_RotationOrder: 4
        StartDelay: 0
        Duration: 1
      Rotate:
        AnimationType: 4
        Enabled: 0
        From: {x: 0, y: 0, z: 0}
        To: {x: 0, y: 0, z: 0}
        By: {x: 0, y: 0, z: 0}
        UseCustomFromAndTo: 0
        Vibrato: 10
        Elasticity: 1
        NumberOfLoops: -1
        LoopType: 1
        RotateMode: 1
        EaseType: 0
        Ease: 1
        AnimationCurve:
          serializedVersion: 2
          m_Curve: []
          m_PreInfinity: 2
          m_PostInfinity: 2
          m_RotationOrder: 4
        StartDelay: 0
        Duration: 1
      Scale:
        AnimationType: 4
        Enabled: 0
        From: {x: 0, y: 0, z: 0}
        To: {x: 0, y: 0, z: 0}
        By: {x: 0, y: 0, z: 0}
        UseCustomFromAndTo: 0
        Vibrato: 10
        Elasticity: 1
        NumberOfLoops: -1
        LoopType: 1
        EaseType: 0
        Ease: 1
        AnimationCurve:
          serializedVersion: 2
          m_Curve: []
          m_PreInfinity: 2
          m_PostInfinity: 2
          m_RotationOrder: 4
        StartDelay: 0
        Duration: 1
      Fade:
        AnimationType: 4
        Enabled: 0
        From: 0
        To: 0
        By: 0.5
        UseCustomFromAndTo: 0
        NumberOfLoops: -1
        LoopType: 1
        EaseType: 0
        Ease: 1
        AnimationCurve:
          serializedVersion: 2
          m_Curve: []
          m_PreInfinity: 2
          m_PostInfinity: 2
          m_RotationOrder: 4
        StartDelay: 0
        Duration: 1
    Ready: 1
    SelectButton: 0
    StateAnimation:
      AnimationType: 5
      Move:
        AnimationType: 5
        Enabled: 0
        From: {x: 0, y: 0, z: 0}
        To: {x: 0, y: 0, z: 0}
        By: {x: 0, y: 0, z: 0}
        UseCustomFromAndTo: 0
        Vibrato: 10
        Elasticity: 1
        NumberOfLoops: -1
        LoopType: 1
        Direction: 0
        CustomPosition: {x: 0, y: 0, z: 0}
        EaseType: 0
        Ease: 1
        AnimationCurve:
          serializedVersion: 2
          m_Curve: []
          m_PreInfinity: 2
          m_PostInfinity: 2
          m_RotationOrder: 4
        StartDelay: 0
        Duration: 1
      Rotate:
        AnimationType: 5
        Enabled: 0
        From: {x: 0, y: 0, z: 0}
        To: {x: 0, y: 0, z: 0}
        By: {x: 0, y: 0, z: 0}
        UseCustomFromAndTo: 0
        Vibrato: 10
        Elasticity: 1
        NumberOfLoops: -1
        LoopType: 1
        RotateMode: 1
        EaseType: 0
        Ease: 1
        AnimationCurve:
          serializedVersion: 2
          m_Curve: []
          m_PreInfinity: 2
          m_PostInfinity: 2
          m_RotationOrder: 4
        StartDelay: 0
        Duration: 1
      Scale:
        AnimationType: 5
        Enabled: 0
        From: {x: 0, y: 0, z: 0}
        To: {x: 0, y: 0, z: 0}
        By: {x: 0, y: 0, z: 0}
        UseCustomFromAndTo: 0
        Vibrato: 10
        Elasticity: 1
        NumberOfLoops: -1
        LoopType: 1
        EaseType: 0
        Ease: 1
        AnimationCurve:
          serializedVersion: 2
          m_Curve: []
          m_PreInfinity: 2
          m_PostInfinity: 2
          m_RotationOrder: 4
        StartDelay: 0
        Duration: 1
      Fade:
        AnimationType: 5
        Enabled: 0
        From: 0
        To: 0
        By: 0.5
        UseCustomFromAndTo: 0
        NumberOfLoops: -1
        LoopType: 1
        EaseType: 0
        Ease: 1
        AnimationCurve:
          serializedVersion: 2
          m_Curve: []
          m_PreInfinity: 2
          m_PostInfinity: 2
          m_RotationOrder: 4
        StartDelay: 0
        Duration: 1
    TriggerEventsAfterAnimation: 0
    m_behaviorType: 8
  NormalLoopAnimation:
    Animation:
      AnimationType: 3
      Move:
        AnimationType: 3
        Enabled: 0
        From: {x: 0, y: 0, z: 0}
        To: {x: 0, y: 0, z: 0}
        By: {x: 0, y: 0, z: 0}
        UseCustomFromAndTo: 0
        Vibrato: 10
        Elasticity: 1
        NumberOfLoops: -1
        LoopType: 1
        Direction: 0
        CustomPosition: {x: 0, y: 0, z: 0}
        EaseType: 0
        Ease: 1
        AnimationCurve:
          serializedVersion: 2
          m_Curve: []
          m_PreInfinity: 2
          m_PostInfinity: 2
          m_RotationOrder: 4
        StartDelay: 0
        Duration: 1
      Rotate:
        AnimationType: 3
        Enabled: 0
        From: {x: 0, y: 0, z: 0}
        To: {x: 0, y: 0, z: 0}
        By: {x: 0, y: 0, z: 0}
        UseCustomFromAndTo: 0
        Vibrato: 10
        Elasticity: 1
        NumberOfLoops: -1
        LoopType: 1
        RotateMode: 1
        EaseType: 0
        Ease: 1
        AnimationCurve:
          serializedVersion: 2
          m_Curve: []
          m_PreInfinity: 2
          m_PostInfinity: 2
          m_RotationOrder: 4
        StartDelay: 0
        Duration: 1
      Scale:
        AnimationType: 3
        Enabled: 0
        From: {x: 0, y: 0, z: 0}
        To: {x: 0, y: 0, z: 0}
        By: {x: 0, y: 0, z: 0}
        UseCustomFromAndTo: 0
        Vibrato: 10
        Elasticity: 1
        NumberOfLoops: -1
        LoopType: 1
        EaseType: 0
        Ease: 1
        AnimationCurve:
          serializedVersion: 2
          m_Curve: []
          m_PreInfinity: 2
          m_PostInfinity: 2
          m_RotationOrder: 4
        StartDelay: 0
        Duration: 1
      Fade:
        AnimationType: 3
        Enabled: 0
        From: 0
        To: 0
        By: 0.5
        UseCustomFromAndTo: 0
        NumberOfLoops: -1
        LoopType: 1
        EaseType: 0
        Ease: 1
        AnimationCurve:
          serializedVersion: 2
          m_Curve: []
          m_PreInfinity: 2
          m_PostInfinity: 2
          m_RotationOrder: 4
        StartDelay: 0
        Duration: 1
    Enabled: 0
    IsPlaying: 0
    LoopAnimationType: 0
    LoadSelectedPresetAtRuntime: 0
    PresetCategory: 
    PresetName: 
  SelectedLoopAnimation:
    Animation:
      AnimationType: 3
      Move:
        AnimationType: 3
        Enabled: 0
        From: {x: 0, y: 0, z: 0}
        To: {x: 0, y: 0, z: 0}
        By: {x: 0, y: 0, z: 0}
        UseCustomFromAndTo: 0
        Vibrato: 10
        Elasticity: 1
        NumberOfLoops: -1
        LoopType: 1
        Direction: 0
        CustomPosition: {x: 0, y: 0, z: 0}
        EaseType: 0
        Ease: 1
        AnimationCurve:
          serializedVersion: 2
          m_Curve: []
          m_PreInfinity: 2
          m_PostInfinity: 2
          m_RotationOrder: 4
        StartDelay: 0
        Duration: 1
      Rotate:
        AnimationType: 3
        Enabled: 0
        From: {x: 0, y: 0, z: 0}
        To: {x: 0, y: 0, z: 0}
        By: {x: 0, y: 0, z: 0}
        UseCustomFromAndTo: 0
        Vibrato: 10
        Elasticity: 1
        NumberOfLoops: -1
        LoopType: 1
        RotateMode: 1
        EaseType: 0
        Ease: 1
        AnimationCurve:
          serializedVersion: 2
          m_Curve: []
          m_PreInfinity: 2
          m_PostInfinity: 2
          m_RotationOrder: 4
        StartDelay: 0
        Duration: 1
      Scale:
        AnimationType: 3
        Enabled: 0
        From: {x: 0, y: 0, z: 0}
        To: {x: 0, y: 0, z: 0}
        By: {x: 0, y: 0, z: 0}
        UseCustomFromAndTo: 0
        Vibrato: 10
        Elasticity: 1
        NumberOfLoops: -1
        LoopType: 1
        EaseType: 0
        Ease: 1
        AnimationCurve:
          serializedVersion: 2
          m_Curve: []
          m_PreInfinity: 2
          m_PostInfinity: 2
          m_RotationOrder: 4
        StartDelay: 0
        Duration: 1
      Fade:
        AnimationType: 3
        Enabled: 0
        From: 0
        To: 0
        By: 0.5
        UseCustomFromAndTo: 0
        NumberOfLoops: -1
        LoopType: 1
        EaseType: 0
        Ease: 1
        AnimationCurve:
          serializedVersion: 2
          m_Curve: []
          m_PreInfinity: 2
          m_PostInfinity: 2
          m_RotationOrder: 4
        StartDelay: 0
        Duration: 1
    Enabled: 0
    IsPlaying: 0
    LoopAnimationType: 1
    LoadSelectedPresetAtRuntime: 0
    PresetCategory: 
    PresetName: 
  TargetLabel: 0
  TextLabel: {fileID: 0}
--- !u!114 &1330237924
MonoBehaviour:
  m_ObjectHideFlags: 0
  m_CorrespondingSourceObject: {fileID: 0}
  m_PrefabInstance: {fileID: 0}
  m_PrefabAsset: {fileID: 0}
  m_GameObject: {fileID: 1330237920}
  m_Enabled: 1
  m_EditorHideFlags: 0
  m_Script: {fileID: 11500000, guid: 4e29b1a8efbd4b44bb3f3716e73f07ff, type: 3}
  m_Name: 
  m_EditorClassIdentifier: 
  m_Navigation:
    m_Mode: 3
    m_SelectOnUp: {fileID: 0}
    m_SelectOnDown: {fileID: 0}
    m_SelectOnLeft: {fileID: 0}
    m_SelectOnRight: {fileID: 0}
  m_Transition: 1
  m_Colors:
    m_NormalColor: {r: 1, g: 1, b: 1, a: 1}
    m_HighlightedColor: {r: 0.9607843, g: 0.9607843, b: 0.9607843, a: 1}
    m_PressedColor: {r: 0.78431374, g: 0.78431374, b: 0.78431374, a: 1}
    m_SelectedColor: {r: 0.9607843, g: 0.9607843, b: 0.9607843, a: 1}
    m_DisabledColor: {r: 0.78431374, g: 0.78431374, b: 0.78431374, a: 0.5019608}
    m_ColorMultiplier: 1
    m_FadeDuration: 0.1
  m_SpriteState:
    m_HighlightedSprite: {fileID: 0}
    m_PressedSprite: {fileID: 0}
    m_SelectedSprite: {fileID: 0}
    m_DisabledSprite: {fileID: 0}
  m_AnimationTriggers:
    m_NormalTrigger: Normal
    m_HighlightedTrigger: Highlighted
    m_PressedTrigger: Pressed
    m_SelectedTrigger: Selected
    m_DisabledTrigger: Disabled
  m_Interactable: 1
  m_TargetGraphic: {fileID: 1330237925}
  m_OnClick:
    m_PersistentCalls:
      m_Calls:
      - m_Target: {fileID: 1330237927}
        m_MethodName: LoadNext
        m_Mode: 1
        m_Arguments:
          m_ObjectArgument: {fileID: 0}
          m_ObjectArgumentAssemblyTypeName: UnityEngine.Object, UnityEngine
          m_IntArgument: 1
          m_FloatArgument: 0
          m_StringArgument: 
          m_BoolArgument: 0
        m_CallState: 1
    m_TypeName: UnityEngine.UI.Button+ButtonClickedEvent, UnityEngine.UI, Version=1.0.0.0,
      Culture=neutral, PublicKeyToken=null
--- !u!114 &1330237925
MonoBehaviour:
  m_ObjectHideFlags: 0
  m_CorrespondingSourceObject: {fileID: 0}
  m_PrefabInstance: {fileID: 0}
  m_PrefabAsset: {fileID: 0}
  m_GameObject: {fileID: 1330237920}
  m_Enabled: 1
  m_EditorHideFlags: 0
  m_Script: {fileID: 11500000, guid: fe87c0e1cc204ed48ad3b37840f39efc, type: 3}
  m_Name: 
  m_EditorClassIdentifier: 
  m_Material: {fileID: 0}
  m_Color: {r: 1, g: 1, b: 1, a: 1}
  m_RaycastTarget: 1
  m_OnCullStateChanged:
    m_PersistentCalls:
      m_Calls: []
    m_TypeName: UnityEngine.UI.MaskableGraphic+CullStateChangedEvent, UnityEngine.UI,
      Version=1.0.0.0, Culture=neutral, PublicKeyToken=null
  m_Sprite: {fileID: 21300000, guid: 0b5eb5e0393617c41aaa66d65518080c, type: 3}
  m_Type: 0
  m_PreserveAspect: 1
  m_FillCenter: 1
  m_FillMethod: 4
  m_FillAmount: 1
  m_FillClockwise: 1
  m_FillOrigin: 0
  m_UseSpriteMesh: 0
  m_PixelsPerUnitMultiplier: 1
--- !u!222 &1330237926
CanvasRenderer:
  m_ObjectHideFlags: 0
  m_CorrespondingSourceObject: {fileID: 0}
  m_PrefabInstance: {fileID: 0}
  m_PrefabAsset: {fileID: 0}
  m_GameObject: {fileID: 1330237920}
  m_CullTransparentMesh: 0
--- !u!114 &1330237927
MonoBehaviour:
  m_ObjectHideFlags: 0
  m_CorrespondingSourceObject: {fileID: 0}
  m_PrefabInstance: {fileID: 0}
  m_PrefabAsset: {fileID: 0}
  m_GameObject: {fileID: 1330237920}
  m_Enabled: 1
  m_EditorHideFlags: 0
  m_Script: {fileID: 11500000, guid: fb2dc85b5a739e04cad4cf66b59237a4, type: 3}
  m_Name: 
  m_EditorClassIdentifier: 
--- !u!1 &1672382338
GameObject:
  m_ObjectHideFlags: 0
  m_CorrespondingSourceObject: {fileID: 0}
  m_PrefabInstance: {fileID: 0}
  m_PrefabAsset: {fileID: 0}
  serializedVersion: 6
  m_Component:
  - component: {fileID: 1672382343}
  - component: {fileID: 1672382342}
  - component: {fileID: 1672382341}
  - component: {fileID: 1672382340}
  - component: {fileID: 1672382339}
  m_Layer: 0
  m_Name: MainMenu_MasterCanvas
  m_TagString: Untagged
  m_Icon: {fileID: 0}
  m_NavMeshLayer: 0
  m_StaticEditorFlags: 0
  m_IsActive: 1
--- !u!114 &1672382339
MonoBehaviour:
  m_ObjectHideFlags: 0
  m_CorrespondingSourceObject: {fileID: 0}
  m_PrefabInstance: {fileID: 0}
  m_PrefabAsset: {fileID: 0}
  m_GameObject: {fileID: 1672382338}
  m_Enabled: 1
  m_EditorHideFlags: 0
  m_Script: {fileID: 11500000, guid: 26fc1288f608ee54da6568942b278960, type: 3}
  m_Name: 
  m_EditorClassIdentifier: 
  DebugMode: 0
  StartPosition: {x: 0, y: 0, z: 0}
  StartRotation: {x: 0, y: 0, z: 0}
  StartScale: {x: 1, y: 1, z: 1}
  StartAlpha: 1
  CanvasName: MasterCanvas
  CustomCanvasName: 0
  DontDestroyCanvasOnLoad: 0
--- !u!114 &1672382340
MonoBehaviour:
  m_ObjectHideFlags: 0
  m_CorrespondingSourceObject: {fileID: 0}
  m_PrefabInstance: {fileID: 0}
  m_PrefabAsset: {fileID: 0}
  m_GameObject: {fileID: 1672382338}
  m_Enabled: 1
  m_EditorHideFlags: 0
  m_Script: {fileID: 11500000, guid: dc42784cf147c0c48a680349fa168899, type: 3}
  m_Name: 
  m_EditorClassIdentifier: 
  m_IgnoreReversedGraphics: 1
  m_BlockingObjects: 0
  m_BlockingMask:
    serializedVersion: 2
    m_Bits: 4294967295
--- !u!114 &1672382341
MonoBehaviour:
  m_ObjectHideFlags: 0
  m_CorrespondingSourceObject: {fileID: 0}
  m_PrefabInstance: {fileID: 0}
  m_PrefabAsset: {fileID: 0}
  m_GameObject: {fileID: 1672382338}
  m_Enabled: 1
  m_EditorHideFlags: 0
  m_Script: {fileID: 11500000, guid: 0cd44c1031e13a943bb63640046fad76, type: 3}
  m_Name: 
  m_EditorClassIdentifier: 
  m_UiScaleMode: 1
  m_ReferencePixelsPerUnit: 100
  m_ScaleFactor: 1
  m_ReferenceResolution: {x: 1920, y: 1080}
  m_ScreenMatchMode: 0
  m_MatchWidthOrHeight: 0.5
  m_PhysicalUnit: 3
  m_FallbackScreenDPI: 96
  m_DefaultSpriteDPI: 96
  m_DynamicPixelsPerUnit: 1
--- !u!223 &1672382342
Canvas:
  m_ObjectHideFlags: 0
  m_CorrespondingSourceObject: {fileID: 0}
  m_PrefabInstance: {fileID: 0}
  m_PrefabAsset: {fileID: 0}
  m_GameObject: {fileID: 1672382338}
  m_Enabled: 1
  serializedVersion: 3
  m_RenderMode: 0
  m_Camera: {fileID: 0}
  m_PlaneDistance: 100
  m_PixelPerfect: 1
  m_ReceivesEvents: 1
  m_OverrideSorting: 0
  m_OverridePixelPerfect: 0
  m_SortingBucketNormalizedSize: 0
  m_AdditionalShaderChannelsFlag: 25
  m_SortingLayerID: 0
  m_SortingOrder: 0
  m_TargetDisplay: 0
--- !u!224 &1672382343
RectTransform:
  m_ObjectHideFlags: 0
  m_CorrespondingSourceObject: {fileID: 0}
  m_PrefabInstance: {fileID: 0}
  m_PrefabAsset: {fileID: 0}
  m_GameObject: {fileID: 1672382338}
  m_LocalRotation: {x: 0, y: 0, z: 0, w: 1}
  m_LocalPosition: {x: 0, y: 0, z: 0}
  m_LocalScale: {x: 0, y: 0, z: 0}
  m_Children:
  - {fileID: 414234740}
  m_Father: {fileID: 0}
  m_RootOrder: 3
  m_LocalEulerAnglesHint: {x: 0, y: 0, z: 0}
  m_AnchorMin: {x: 0, y: 0}
  m_AnchorMax: {x: 0, y: 0}
  m_AnchoredPosition: {x: 0, y: 0}
  m_SizeDelta: {x: 0, y: 0}
  m_Pivot: {x: 0, y: 0}
--- !u!1 &1750580647
GameObject:
  m_ObjectHideFlags: 0
  m_CorrespondingSourceObject: {fileID: 0}
  m_PrefabInstance: {fileID: 0}
  m_PrefabAsset: {fileID: 0}
  serializedVersion: 6
  m_Component:
  - component: {fileID: 1750580650}
  - component: {fileID: 1750580649}
  - component: {fileID: 1750580648}
  m_Layer: 0
  m_Name: Main Camera
  m_TagString: MainCamera
  m_Icon: {fileID: 0}
  m_NavMeshLayer: 0
  m_StaticEditorFlags: 0
  m_IsActive: 1
--- !u!81 &1750580648
AudioListener:
  m_ObjectHideFlags: 0
  m_CorrespondingSourceObject: {fileID: 0}
  m_PrefabInstance: {fileID: 0}
  m_PrefabAsset: {fileID: 0}
  m_GameObject: {fileID: 1750580647}
  m_Enabled: 1
--- !u!20 &1750580649
Camera:
  m_ObjectHideFlags: 0
  m_CorrespondingSourceObject: {fileID: 0}
  m_PrefabInstance: {fileID: 0}
  m_PrefabAsset: {fileID: 0}
  m_GameObject: {fileID: 1750580647}
  m_Enabled: 1
  serializedVersion: 2
  m_ClearFlags: 2
  m_BackGroundColor: {r: 0, g: 0, b: 0, a: 1}
  m_projectionMatrixMode: 1
  m_GateFitMode: 2
  m_FOVAxisMode: 0
  m_SensorSize: {x: 36, y: 24}
  m_LensShift: {x: 0, y: 0}
  m_FocalLength: 50
  m_NormalizedViewPortRect:
    serializedVersion: 2
    x: 0
    y: 0
    width: 1
    height: 1
  near clip plane: 0.3
  far clip plane: 1000
  field of view: 60
  orthographic: 0
  orthographic size: 5
  m_Depth: -1
  m_CullingMask:
    serializedVersion: 2
    m_Bits: 4294967295
  m_RenderingPath: -1
  m_TargetTexture: {fileID: 0}
  m_TargetDisplay: 0
  m_TargetEye: 3
  m_HDR: 1
  m_AllowMSAA: 1
  m_AllowDynamicResolution: 0
  m_ForceIntoRT: 0
  m_OcclusionCulling: 1
  m_StereoConvergence: 10
  m_StereoSeparation: 0.022
--- !u!4 &1750580650
Transform:
  m_ObjectHideFlags: 0
  m_CorrespondingSourceObject: {fileID: 0}
  m_PrefabInstance: {fileID: 0}
  m_PrefabAsset: {fileID: 0}
  m_GameObject: {fileID: 1750580647}
  m_LocalRotation: {x: 0, y: 0, z: 0, w: 1}
  m_LocalPosition: {x: 0, y: 1, z: -10}
  m_LocalScale: {x: 1, y: 1, z: 1}
  m_Children: []
  m_Father: {fileID: 0}
  m_RootOrder: 0
  m_LocalEulerAnglesHint: {x: 0, y: 0, z: 0}
--- !u!1 &1916823510
GameObject:
  m_ObjectHideFlags: 0
  m_CorrespondingSourceObject: {fileID: 0}
  m_PrefabInstance: {fileID: 0}
  m_PrefabAsset: {fileID: 0}
  serializedVersion: 6
  m_Component:
  - component: {fileID: 1916823511}
  - component: {fileID: 1916823513}
  - component: {fileID: 1916823512}
  m_Layer: 5
  m_Name: RotatingPlanet_Img
  m_TagString: Untagged
  m_Icon: {fileID: 0}
  m_NavMeshLayer: 0
  m_StaticEditorFlags: 0
  m_IsActive: 1
--- !u!224 &1916823511
RectTransform:
  m_ObjectHideFlags: 0
  m_CorrespondingSourceObject: {fileID: 0}
  m_PrefabInstance: {fileID: 0}
  m_PrefabAsset: {fileID: 0}
  m_GameObject: {fileID: 1916823510}
  m_LocalRotation: {x: 0, y: 0, z: 0, w: 1}
  m_LocalPosition: {x: 0, y: 0, z: 0}
  m_LocalScale: {x: 1, y: 1, z: 1}
  m_Children: []
  m_Father: {fileID: 414234740}
  m_RootOrder: 1
  m_LocalEulerAnglesHint: {x: 0, y: 0, z: 0}
  m_AnchorMin: {x: 0.5, y: 0.5}
  m_AnchorMax: {x: 0.5, y: 0.5}
  m_AnchoredPosition: {x: 0, y: 0}
  m_SizeDelta: {x: 360, y: 354}
  m_Pivot: {x: 0.5, y: 0.5}
--- !u!114 &1916823512
MonoBehaviour:
  m_ObjectHideFlags: 0
  m_CorrespondingSourceObject: {fileID: 0}
  m_PrefabInstance: {fileID: 0}
  m_PrefabAsset: {fileID: 0}
  m_GameObject: {fileID: 1916823510}
  m_Enabled: 1
  m_EditorHideFlags: 0
  m_Script: {fileID: 11500000, guid: fe87c0e1cc204ed48ad3b37840f39efc, type: 3}
  m_Name: 
  m_EditorClassIdentifier: 
  m_Material: {fileID: 0}
  m_Color: {r: 1, g: 1, b: 1, a: 1}
  m_RaycastTarget: 0
  m_OnCullStateChanged:
    m_PersistentCalls:
      m_Calls: []
    m_TypeName: UnityEngine.UI.MaskableGraphic+CullStateChangedEvent, UnityEngine.UI,
      Version=1.0.0.0, Culture=neutral, PublicKeyToken=null
  m_Sprite: {fileID: 21300000, guid: c558992a627ebd3489e46efeb8ab13c7, type: 3}
  m_Type: 0
  m_PreserveAspect: 1
  m_FillCenter: 1
  m_FillMethod: 4
  m_FillAmount: 1
  m_FillClockwise: 1
  m_FillOrigin: 0
  m_UseSpriteMesh: 0
  m_PixelsPerUnitMultiplier: 1
--- !u!222 &1916823513
CanvasRenderer:
  m_ObjectHideFlags: 0
  m_CorrespondingSourceObject: {fileID: 0}
  m_PrefabInstance: {fileID: 0}
  m_PrefabAsset: {fileID: 0}
  m_GameObject: {fileID: 1916823510}
  m_CullTransparentMesh: 0
--- !u!1 &2057803161
GameObject:
  m_ObjectHideFlags: 0
  m_CorrespondingSourceObject: {fileID: 0}
  m_PrefabInstance: {fileID: 0}
  m_PrefabAsset: {fileID: 0}
  serializedVersion: 6
  m_Component:
  - component: {fileID: 2057803162}
  - component: {fileID: 2057803164}
  - component: {fileID: 2057803163}
  m_Layer: 5
  m_Name: TMP SubMeshUI [TextMeshPro/Sprite]
  m_TagString: Untagged
  m_Icon: {fileID: 0}
  m_NavMeshLayer: 0
  m_StaticEditorFlags: 0
  m_IsActive: 1
--- !u!224 &2057803162
RectTransform:
  m_ObjectHideFlags: 0
  m_CorrespondingSourceObject: {fileID: 0}
  m_PrefabInstance: {fileID: 0}
  m_PrefabAsset: {fileID: 0}
  m_GameObject: {fileID: 2057803161}
  m_LocalRotation: {x: 0, y: 0, z: 0, w: 1}
  m_LocalPosition: {x: 0, y: 0, z: 0}
  m_LocalScale: {x: 1, y: 1, z: 1}
  m_Children: []
  m_Father: {fileID: 2141971759}
  m_RootOrder: 0
  m_LocalEulerAnglesHint: {x: 0, y: 0, z: 0}
  m_AnchorMin: {x: 0, y: 0}
  m_AnchorMax: {x: 1, y: 1}
  m_AnchoredPosition: {x: 0, y: 0}
  m_SizeDelta: {x: 0, y: 0}
  m_Pivot: {x: 1, y: 0}
--- !u!114 &2057803163
MonoBehaviour:
  m_ObjectHideFlags: 0
  m_CorrespondingSourceObject: {fileID: 0}
  m_PrefabInstance: {fileID: 0}
  m_PrefabAsset: {fileID: 0}
  m_GameObject: {fileID: 2057803161}
  m_Enabled: 1
  m_EditorHideFlags: 0
  m_Script: {fileID: 11500000, guid: 058cba836c1846c3aa1c5fd2e28aea77, type: 3}
  m_Name: 
  m_EditorClassIdentifier: 
  m_Material: {fileID: 2796522155651070300, guid: 604a2dde5059e214487a84dcdba51cad,
    type: 2}
  m_Color: {r: 1, g: 1, b: 1, a: 1}
  m_RaycastTarget: 1
  m_OnCullStateChanged:
    m_PersistentCalls:
      m_Calls: []
    m_TypeName: UnityEngine.UI.MaskableGraphic+CullStateChangedEvent, UnityEngine.UI,
      Version=1.0.0.0, Culture=neutral, PublicKeyToken=null
  m_fontAsset: {fileID: 11400000, guid: af568038db2ed874db32d53cb9174053, type: 2}
  m_spriteAsset: {fileID: 11400000, guid: 604a2dde5059e214487a84dcdba51cad, type: 2}
  m_material: {fileID: 0}
  m_sharedMaterial: {fileID: 2796522155651070300, guid: 604a2dde5059e214487a84dcdba51cad,
    type: 2}
  m_isDefaultMaterial: 1
  m_padding: 0
  m_canvasRenderer: {fileID: 2057803164}
  m_TextComponent: {fileID: 2141971760}
  m_materialReferenceIndex: 1
--- !u!222 &2057803164
CanvasRenderer:
  m_ObjectHideFlags: 0
  m_CorrespondingSourceObject: {fileID: 0}
  m_PrefabInstance: {fileID: 0}
  m_PrefabAsset: {fileID: 0}
  m_GameObject: {fileID: 2057803161}
  m_CullTransparentMesh: 0
--- !u!1 &2113005367
GameObject:
  m_ObjectHideFlags: 0
  m_CorrespondingSourceObject: {fileID: 0}
  m_PrefabInstance: {fileID: 0}
  m_PrefabAsset: {fileID: 0}
  serializedVersion: 6
  m_Component:
  - component: {fileID: 2113005368}
  - component: {fileID: 2113005370}
  - component: {fileID: 2113005369}
  m_Layer: 5
  m_Name: Title_Img
  m_TagString: Untagged
  m_Icon: {fileID: 0}
  m_NavMeshLayer: 0
  m_StaticEditorFlags: 0
  m_IsActive: 1
--- !u!224 &2113005368
RectTransform:
  m_ObjectHideFlags: 0
  m_CorrespondingSourceObject: {fileID: 0}
  m_PrefabInstance: {fileID: 0}
  m_PrefabAsset: {fileID: 0}
  m_GameObject: {fileID: 2113005367}
  m_LocalRotation: {x: 0, y: 0, z: 0, w: 1}
  m_LocalPosition: {x: 0, y: 0, z: 0}
  m_LocalScale: {x: 1, y: 1, z: 1}
  m_Children: []
  m_Father: {fileID: 414234740}
  m_RootOrder: 2
  m_LocalEulerAnglesHint: {x: 0, y: 0, z: 0}
  m_AnchorMin: {x: 0.5, y: 0.5}
  m_AnchorMax: {x: 0.5, y: 0.5}
  m_AnchoredPosition: {x: 0, y: 0}
  m_SizeDelta: {x: 831, y: 434}
  m_Pivot: {x: 0.5, y: 0.5}
--- !u!114 &2113005369
MonoBehaviour:
  m_ObjectHideFlags: 0
  m_CorrespondingSourceObject: {fileID: 0}
  m_PrefabInstance: {fileID: 0}
  m_PrefabAsset: {fileID: 0}
  m_GameObject: {fileID: 2113005367}
  m_Enabled: 1
  m_EditorHideFlags: 0
  m_Script: {fileID: 11500000, guid: fe87c0e1cc204ed48ad3b37840f39efc, type: 3}
  m_Name: 
  m_EditorClassIdentifier: 
  m_Material: {fileID: 0}
  m_Color: {r: 1, g: 1, b: 1, a: 1}
  m_RaycastTarget: 0
  m_OnCullStateChanged:
    m_PersistentCalls:
      m_Calls: []
    m_TypeName: UnityEngine.UI.MaskableGraphic+CullStateChangedEvent, UnityEngine.UI,
      Version=1.0.0.0, Culture=neutral, PublicKeyToken=null
  m_Sprite: {fileID: 21300000, guid: e274f6b1a767ff54b818ee6cf2823ca4, type: 3}
  m_Type: 0
  m_PreserveAspect: 1
  m_FillCenter: 1
  m_FillMethod: 4
  m_FillAmount: 1
  m_FillClockwise: 1
  m_FillOrigin: 0
  m_UseSpriteMesh: 0
  m_PixelsPerUnitMultiplier: 1
--- !u!222 &2113005370
CanvasRenderer:
  m_ObjectHideFlags: 0
  m_CorrespondingSourceObject: {fileID: 0}
  m_PrefabInstance: {fileID: 0}
  m_PrefabAsset: {fileID: 0}
  m_GameObject: {fileID: 2113005367}
  m_CullTransparentMesh: 0
--- !u!1 &2141971758
GameObject:
  m_ObjectHideFlags: 0
  m_CorrespondingSourceObject: {fileID: 0}
  m_PrefabInstance: {fileID: 0}
  m_PrefabAsset: {fileID: 0}
  serializedVersion: 6
  m_Component:
  - component: {fileID: 2141971759}
  - component: {fileID: 2141971761}
  - component: {fileID: 2141971760}
  m_Layer: 5
  m_Name: Subtitle_TMP_1
  m_TagString: Untagged
  m_Icon: {fileID: 0}
  m_NavMeshLayer: 0
  m_StaticEditorFlags: 0
  m_IsActive: 1
--- !u!224 &2141971759
RectTransform:
  m_ObjectHideFlags: 0
  m_CorrespondingSourceObject: {fileID: 0}
  m_PrefabInstance: {fileID: 0}
  m_PrefabAsset: {fileID: 0}
  m_GameObject: {fileID: 2141971758}
  m_LocalRotation: {x: -0, y: -0, z: -0, w: 1}
  m_LocalPosition: {x: 0, y: 0, z: 0}
  m_LocalScale: {x: 1, y: 1, z: 1}
  m_Children:
  - {fileID: 2057803162}
  m_Father: {fileID: 414234740}
  m_RootOrder: 4
  m_LocalEulerAnglesHint: {x: 0, y: 0, z: 0}
  m_AnchorMin: {x: 1, y: 0}
  m_AnchorMax: {x: 1, y: 0}
  m_AnchoredPosition: {x: -32.000244, y: 15.099915}
  m_SizeDelta: {x: 585, y: 72.9}
  m_Pivot: {x: 1, y: 0}
--- !u!114 &2141971760
MonoBehaviour:
  m_ObjectHideFlags: 0
  m_CorrespondingSourceObject: {fileID: 0}
  m_PrefabInstance: {fileID: 0}
  m_PrefabAsset: {fileID: 0}
  m_GameObject: {fileID: 2141971758}
  m_Enabled: 1
  m_EditorHideFlags: 0
  m_Script: {fileID: 11500000, guid: f4688fdb7df04437aeb418b961361dc5, type: 3}
  m_Name: 
  m_EditorClassIdentifier: 
  m_Material: {fileID: 0}
  m_Color: {r: 1, g: 1, b: 1, a: 1}
  m_RaycastTarget: 1
  m_OnCullStateChanged:
    m_PersistentCalls:
      m_Calls: []
    m_TypeName: UnityEngine.UI.MaskableGraphic+CullStateChangedEvent, UnityEngine.UI,
      Version=1.0.0.0, Culture=neutral, PublicKeyToken=null
  m_text: '<sprite=0> Menelio Alvarez <sprite=0> Mary Ivester <sprite=0> SonyaRivers

'
  m_isRightToLeft: 0
  m_fontAsset: {fileID: 11400000, guid: af568038db2ed874db32d53cb9174053, type: 2}
  m_sharedMaterial: {fileID: -1202376151365676918, guid: af568038db2ed874db32d53cb9174053,
    type: 2}
  m_fontSharedMaterials: []
  m_fontMaterial: {fileID: 0}
  m_fontMaterials: []
  m_fontColor32:
    serializedVersion: 2
    rgba: 4294967295
  m_fontColor: {r: 1, g: 1, b: 1, a: 1}
  m_enableVertexGradient: 0
  m_colorMode: 3
  m_fontColorGradient:
    topLeft: {r: 1, g: 1, b: 1, a: 1}
    topRight: {r: 1, g: 1, b: 1, a: 1}
    bottomLeft: {r: 1, g: 1, b: 1, a: 1}
    bottomRight: {r: 1, g: 1, b: 1, a: 1}
  m_fontColorGradientPreset: {fileID: 0}
  m_spriteAsset: {fileID: 11400000, guid: 604a2dde5059e214487a84dcdba51cad, type: 2}
  m_tintAllSprites: 0
  m_overrideHtmlColors: 0
  m_faceColor:
    serializedVersion: 2
    rgba: 4294967295
  m_outlineColor:
    serializedVersion: 2
    rgba: 4278190080
  m_fontSize: 28
  m_fontSizeBase: 28
  m_fontWeight: 400
  m_enableAutoSizing: 0
  m_fontSizeMin: 18
  m_fontSizeMax: 72
  m_fontStyle: 0
  m_textAlignment: 516
  m_characterSpacing: 0
  m_wordSpacing: 0
  m_lineSpacing: 0
  m_lineSpacingMax: 0
  m_paragraphSpacing: 0
  m_charWidthMaxAdj: 0
  m_enableWordWrapping: 1
  m_wordWrappingRatios: 0.4
  m_overflowMode: 3
  m_firstOverflowCharacterIndex: -1
  m_linkedTextComponent: {fileID: 0}
  m_isLinkedTextComponent: 0
  m_isTextTruncated: 0
  m_enableKerning: 1
  m_enableExtraPadding: 0
  checkPaddingRequired: 0
  m_isRichText: 1
  m_parseCtrlCharacters: 1
  m_isOrthographic: 1
  m_isCullingEnabled: 0
  m_ignoreRectMaskCulling: 0
  m_ignoreCulling: 1
  m_horizontalMapping: 0
  m_verticalMapping: 0
  m_uvLineOffset: 0
  m_geometrySortingOrder: 0
  m_VertexBufferAutoSizeReduction: 1
  m_firstVisibleCharacter: 0
  m_useMaxVisibleDescender: 1
  m_pageToDisplay: 1
  m_margin: {x: 0, y: 0, z: 0, w: 0}
  m_textInfo:
    textComponent: {fileID: 2141971760}
    characterCount: 47
    spriteCount: 0
    spaceCount: 8
    wordCount: 6
    linkCount: 0
    lineCount: 1
    pageCount: 1
    materialCount: 2
  m_isUsingLegacyAnimationComponent: 0
  m_isVolumetricText: 0
  m_spriteAnimator: {fileID: 0}
  m_hasFontAssetChanged: 0
  m_subTextObjects:
  - {fileID: 0}
  - {fileID: 2057803163}
  - {fileID: 0}
  - {fileID: 0}
  - {fileID: 0}
  - {fileID: 0}
  - {fileID: 0}
  - {fileID: 0}
  m_baseMaterial: {fileID: 0}
  m_maskOffset: {x: 0, y: 0, z: 0, w: 0}
--- !u!222 &2141971761
CanvasRenderer:
  m_ObjectHideFlags: 0
  m_CorrespondingSourceObject: {fileID: 0}
  m_PrefabInstance: {fileID: 0}
  m_PrefabAsset: {fileID: 0}
  m_GameObject: {fileID: 2141971758}
  m_CullTransparentMesh: 0
